2198 3652
91 299 126 349 24

374 291 540 348 somus
564 274 721 347 Eronos

174 414 296 474 Sabella
315 421 421 492 pectus
442 413 597 490 increpare
619 413 754 471 carmina

174 519 325 590 caputque
346 512 451 569 Marsa
471 511 601 569 dissilire
621 511 720 569 nenia.

175 608 250 686 quid
269 609 399 686 amplius
419 609 487 666 visi
514 626 635 665 ornare
655 613 689 666 et
708 613 800 680 terra,
822 606 923 681 ardea,
983 639 1011 678 ῳ

175 713 326 783 quantum
345 724 443 782 neque
463 712 532 763 atro
551 704 707 763 delibutus
729 702 878 764 Hercules

176 803 268 862 Nessi
288 821 401 874 cruore
423 821 479 860 nec
492 801 610 897 ¹Sicana
629 800 749 860 fervida

177 903 279 961 virens
299 903 332 959 in
352 901 458 959 Aetna
477 901 599 958 flamma
608 920 618 972 ;
639 908 684 972 tu,
707 900 802 958 donec
823 900 899 959 cinis

177 1000 331 1058 iniuriosis
350 998 454 1056 aridus
474 999 576 1056 ventis
596 998 688 1072 ieras,

179 1097 257 1156 cales
277 1096 402 1154 venenis
423 1096 543 1154 officina
563 1095 720 1154 Colchicis.
985 1083 1025 1166 ³⁵·

180 1212 257 1271 quae
277 1193 347 1251 linis
365 1200 421 1251 aut
441 1193 522 1270 quod
539 1211 588 1250 me
605 1199 711 1250 manet
728 1190 934 1268 stipendiumi

181 1292 290 1365 affara3
310 1292 408 1349 iussas
428 1311 496 1349 cum
517 1290 577 1348 fide
596 1309 709 1366 poenas
730 1291 821 1361 luam,

181 1395 307 1466 paratus
327 1388 459 1464 expiare,
482 1407 536 1446 seu
555 1388 726 1464 poposceris

182 1491 305 1544 centum
325 1485 476 1556 iuvencos,
499 1485 564 1543 siva
583 1484 723 1543 mendaci
743 1485 810 1561 lyra

182 1581 265 1640 voles
285 1581 386 1640 sonari
409 1586 461 1639 ‘tu
481 1582 599 1658 pudica,
621 1587 657 1639 tu
678 1581 788 1659 proba'
984 1612 1010 1649 40

183 1677 407 1756 perambulabis
426 1684 511 1736 astra
531 1678 614 1737 sidus
633 1698 766 1739 aureum.

183 1775 308 1835 infamis
328 1774 467 1835 Helenae
487 1776 595 1835 (laetor
616 1777 747 1835 offensus
768 1778 833 1835 vioe

184 1871 340 1948 fraterque
360 1873 463 1950 magni
484 1871 627 1944 Castoris,
650 1873 725 1930 victi
745 1891 841 1950 prece,

185 1966 329 2044 adempta
348 1968 414 2024 vati
435 1965 593 2026 reddidere
613 1967 736 2026 lumina

186 2070 218 2122 et
238 2071 283 2135 tu,
305 2069 391 2140 potes
412 2083 491 2137 nam,
514 2063 596 2122 solve
616 2083 665 2122 me
685 2064 846 2136 dementia,
990 2095 1017 2134 4⁵

186 2180 281 2223 onec
301 2161 438 2239 paternis
457 2160 594 2222 obsoleta
613 2162 752 2222 sordibus

187 2275 286 2334 neque
305 2256 339 2313 in
359 2255 504 2333 sepulcris
524 2275 692 2333 pauperum
712 2254 845 2333 prudens
865 2273 943 2312 anus

188 2351 384 2412 novendiales
405 2351 552 2430 dissipare
572 2352 719 2429 pulveres.

189 2449 248 2508 tibi
268 2447 418 2524 hospitale
438 2454 544 2526 pectus
564 2455 597 2507 et
616 2468 710 2526 purae
728 2467 844 2520 manus,

190 2552 322 2621 tuusque
342 2550 451 2604 venter
470 2544 673 2617 Pactumeius,
695 2552 728 2605 et
748 2552 802 2605 tuo
993 2574 1018 2612 50

191 2660 296 2701 cruore
316 2640 423 2701 rubros
443 2642 594 2702 obstetrix
614 2663 731 2720 pannos
751 2643 836 2716 lavit,

191 2745 356 2816 utcumque
376 2738 465 2798 fortis
486 2739 589 2799 exsilis
608 2760 763 2820 puerpera.

236 2837 326 2915 ‘quid
347 2836 495 2897 obseratis
515 2838 640 2898 auribus
659 2839 765 2898 fundis
785 2840 906 2917 precesl

194 2953 257 2995 non
277 2954 351 2994 saxa
371 2937 462 2996 nudis
483 2937 621 2998 surdiora
641 2939 755 2998 navitis

196 3031 360 3110 Neptunus
381 3033 445 3092 alto
465 3033 571 3092 tundit
591 3033 736 3094 hibernus
757 3035 828 3094 salo.
998 3064 1023 3103 ⁵⁵

196 3131 313 3191 inultus
333 3136 370 3191 ut
390 3138 426 3192 tu
447 3133 547 3191 riseris
569 3133 709 3212 Octyttia
