2198 3652
85 295 114 344 12
364 289 530 344 HORATII
556 287 711 345 EPODON

121 412 211 489 longo
232 411 281 485 die
301 411 348 470 bis
368 418 475 489 terque
496 417 633 471 mutatae
653 411 741 488 dapis

162 508 290 566 inemori
311 508 489 585 spectaculo,

123 624 191 662 cum
211 605 396 681 promineret
416 623 474 676 ore,
497 610 646 681 quantum
666 609 791 662 exstant
811 622 891 681 aqua

164 719 309 776 suspensa
328 705 431 758 mento
452 719 576 776 corpora
586 720 594 773 ;

123 803 244 856 enecta
264 797 311 855 uti
331 796 463 855 medulla
483 803 515 856 et
536 796 654 855 aridum
674 797 758 855 ieeur

165 895 274 952 amoris
295 899 373 952 esset
394 893 542 971 poculum,

124 979 321 1049 interminato
342 1009 410 1048 cum
431 991 521 1049 semel
541 993 621 1049 fixae
641 991 709 1049 cibo

164 1087 369 1145 intabuissent
389 1087 527 1164 pupulae.

124 1202 187 1241 non
207 1181 338 1241 defuisse
357 1184 507 1241 masculae
526 1183 662 1241 libidinis

166 1280 391 1338 Ariminensem
411 1280 528 1338 Foliam

125 1383 158 1435 et
177 1377 274 1435 otiosa
294 1376 423 1435 credidit
444 1377 588 1454 Neapolis

165 1481 197 1533 et
218 1493 305 1532 omne
326 1475 459 1532 vicinum
480 1475 631 1551 oppidum,

126 1590 203 1648 quae
223 1570 321 1629 sidera
342 1576 506 1630 excantata
526 1589 598 1629 voee
620 1569 763 1628 Thessala

166 1669 329 1743 lunamque
350 1669 432 1727 caelo
451 1667 571 1745 deripit.

126 1767 176 1825 hio
196 1767 373 1825 irresectum
393 1786 482 1826 saeva
502 1766 595 1824 dente
615 1764 709 1823 livido
736 1801 737 1804 =

169 1865 297 1924 Canidia
318 1866 426 1924 rodens
446 1866 584 1943 pollicem

127 1961 200 2039 quid
221 1962 301 2020 dixit
321 1968 376 2020 aut
396 1961 471 2037 quid
490 1962 607 2021 taeuitl
642 1967 676 2019 ‘0
697 1961 787 2020 rebus
806 1961 881 2020 meis

168 2080 231 2119 non
250 2060 386 2129 infideles
406 2060 548 2133 arbitrae,

128 2157 201 2215 Nox
221 2163 254 2215 et
274 2157 383 2231 Diana,
405 2177 482 2233 quae
503 2158 656 2216 silentium
678 2159 764 2235 regis,

170 2273 280 2312 areana
300 2274 369 2312 eum
389 2255 468 2312 fiunt
489 2274 581 2327 sacra,

129 2371 219 2424 nuno,
242 2371 323 2410 nuno
344 2352 455 2427 adeste,
477 2372 558 2411 nune
579 2353 612 2410 in
632 2353 756 2412 hostiles
775 2353 878 2412 domos

170 2450 247 2506 iram
268 2455 360 2525 atque
380 2468 494 2508 numen
514 2451 635 2509 vertite.

129 2544 330 2603 formidolosis
350 2544 423 2603 dum
442 2545 542 2604 latent
563 2547 647 2604 silvis
667 2546 750 2606 ferae

171 2643 253 2701 dulei
273 2654 377 2720 sopore
398 2643 565 2720 languidae,

131 2759 240 2812 senem,
262 2740 342 2817 quod
362 2759 465 2798 omnes
485 2735 613 2814 rideant,
636 2742 806 2801 adulterum

171 2836 286 2894 latrent
307 2835 485 2896 Suburanae
505 2857 593 2897 canes

132 2932 228 2991 nardo
248 2940 436 3010 perunctum,
459 2936 547 3011 quale
567 2955 629 2994 non
649 2935 811 3013 perieetius

173 3048 257 3088 meae
278 3028 446 3088 laborarint
465 3051 624 3090 manus.-

132 3126 206 3201 quid
226 3126 356 3186 aeciditl
389 3147 443 3185 eur
463 3128 530 3186 dira
549 3129 696 3188 barbarae
715 3130 815 3189 minus
