2198 3652
93 291 128 343 20
377 286 542 341 HORATII
566 285 721 340 EPODON

175 411 370 487 intonsosque
390 411 519 487 agitaret
540 409 692 486 Apollinis
712 428 787 466 aura
808 408 939 485 capillos,

216 507 281 565 iore
302 507 382 564 hunc
402 525 534 564 amorem
555 513 702 576 mutuum,

177 625 195 663 o
216 605 347 663 dolitura
367 623 434 662 mea
454 604 586 674 multum
605 604 722 661 virtute
742 603 880 661 Neaera!

218 723 289 762 nam
310 704 428 778 siquid
449 704 483 760 in
504 702 612 760 Flacco
632 703 691 760 viri
711 708 766 773 est,

178 821 240 860 non
260 800 338 860 feret
358 799 494 859 assiduas
514 802 625 878 potiori
645 807 677 858 te
697 800 770 858 dare
791 805 902 869 noctae,

220 905 252 957 et
272 904 397 976 quaeret
417 899 514 956 iratus
534 918 637 975 parem
647 919 656 971 3

104 1065 108 1071 ι
179 1016 234 1054 nec
255 995 345 1053 semel
366 994 496 1053 offensae
517 994 604 1054 cedet
624 995 796 1053 constantia
814 993 936 1062 formae,
981 1021 1006 1059 ις

220 1095 246 1151 si
267 1099 366 1151 certus
386 1093 512 1152 intrarit
532 1093 624 1152 dolor.

180 1197 212 1249 et
232 1197 277 1263 tu,
299 1192 479 1268 quicumque
500 1210 532 1248 es
552 1190 669 1249 felicior
688 1197 780 1268 atque
801 1209 867 1247 meo
888 1208 969 1246 nunc

221 1287 368 1365 superbus
388 1287 503 1345 incedis
523 1288 611 1359 malo,

181 1387 222 1443 ais
242 1404 347 1461 pecore
368 1391 400 1443 et
420 1384 517 1441 multa
538 1385 622 1441 dives
642 1380 751 1441 tellure
772 1383 874 1440 licebit

221 1480 338 1558 tibique
360 1480 502 1539 Pactolus
522 1481 607 1552 fluat,

181 1598 235 1637 nec
256 1585 287 1636 te
308 1577 500 1654 Pythagorae
519 1578 630 1635 fallant
650 1596 760 1634 arcana
781 1576 888 1646 renati,

222 1679 378 1754 formaque
399 1677 502 1735 vincas
523 1678 625 1749 Nirea,

182 1778 258 1836 ¹eheu
279 1776 443 1834 translatos
463 1776 523 1833 alio
543 1773 690 1832 maerebis
710 1791 842 1832 amores:

223 1879 271 1931 ast
292 1892 347 1950 ego
367 1873 499 1930 vicissim
520 1873 619 1930 risero.

400 2197 586 2256 OARMEN
614 2198 705 2256 XVI.

103 2355 213 2412 Altera
232 2353 294 2410 iam
314 2352 426 2409 teritur
445 2351 533 2409 bellia
554 2352 694 2410 civilibus
714 2359 805 2423 actae,

143 2451 205 2507 suis
225 2455 257 2507 et
277 2449 343 2525 ipsa
364 2448 463 2505 Roma
483 2448 599 2505 viribus
620 2449 702 2506 ruit:

103 2566 193 2625 quam
214 2564 311 2622 neque
332 2545 456 2602 finitimi
475 2546 639 2602 valuerunt
659 2544 783 2620 perdere
803 2545 899 2602 Marsi

143 2644 269 2701 minacia
290 2648 345 2700 aut
367 2642 497 2699 Etrusca
517 2641 668 2700 Porsenae
688 2661 803 2713 manus,

102 2739 221 2798 aemula
241 2759 296 2798 uec
317 2739 417 2796 virtus
438 2738 559 2814 Oapuae
580 2757 635 2796 nec
656 2738 820 2814 Spartacus
841 2756 909 2795 acer
997 2769 1009 2807 5

144 2837 289 2912 novisque
311 2837 401 2894 rebus
421 2835 552 2894 infidelis
573 2835 730 2910 Allobrqx‚

103 2953 159 2992 nec
179 2933 245 2992 fera
266 2932 402 2990 caerulea
423 2932 540 3009 domuit
561 2932 724 2990 Germania
744 2933 832 3008 pube,

144 3030 381 3108 parentibusque
401 3030 594 3088 abominatus
615 3030 781 3100 Hannibal,

103 3129 196 3206 impia
216 3130 374 3205 perdemus
395 3128 498 3187 devoti
518 3130 673 3206 sanguinis
693 3135 784 3200 actae,
