2198 3652
389 266 554 322 HORATII
579 265 734 322 EPODON

184 392 258 449 haec
279 392 361 449 inter
380 390 589 449 obliviscitur?

145 489 252 567 quodsi
271 488 382 565 pudica
402 488 510 546 mulier
530 488 564 545 in
583 494 700 564 partem
721 487 807 545 iuvet

184 586 306 644 domum
327 591 420 661 atque
439 583 542 642 dulces
562 582 680 654 liberos,

145 683 259 741 Sabina
280 682 377 759 qualis
397 687 453 739 aut
473 687 597 758 perusta
617 680 730 738 solibus

185 779 315 857 pernicis
334 798 412 837 uxor
432 779 536 854 Apuli,

145 898 262 938 sacrum
282 878 413 937 vetustis
433 883 573 936 exstruat
593 877 683 954 lignis
704 877 803 936 focum

184 976 255 1033 lassi
275 976 333 1033 sub
353 975 519 1032 adveutum
539 976 606 1046 viri,

145 1071 345 1149 claudensque
365 1072 459 1129 textis
479 1072 614 1128 cratibus
634 1071 747 1129 laetum
768 1090 858 1148 pecus

184 1169 319 1227 distenta
339 1168 431 1226 siccet
451 1168 552 1238 ubera,

144 1273 177 1324 et
197 1266 294 1323 horna
313 1263 395 1321 dulci
415 1263 488 1320 vina
509 1282 648 1338 promens
668 1262 749 1322 dolio

186 1363 278 1439 dapes
298 1362 448 1438 inemptas
468 1367 611 1438 apparet:

145 1480 206 1519 non
227 1478 275 1518 me
296 1458 428 1516 Lucrina
448 1456 582 1515 iuverint
603 1458 759 1536 conchylia

185 1555 319 1632 magisve
339 1552 483 1611 rhombus
503 1559 558 1612 aut
579 1555 665 1625 scari,

145 1654 172 1712 si
193 1673 266 1732 quos
288 1653 360 1711 Eois
380 1652 521 1711 intonata
540 1651 684 1710 fluctibus

186 1752 302 1829 hiemps
322 1752 361 1810 ad
382 1752 439 1810 hoc
459 1757 562 1810 vertat
582 1768 665 1808 mare
674 1770 683 1822 3

146 1868 208 1907 non
229 1849 309 1906 Afra
329 1849 394 1906 avis
414 1846 579 1907 descendat
599 1847 632 1904 in
653 1853 792 1904 ventrem
813 1865 921 1918 meum,

186 1965 249 2004 non
269 1951 394 2021 attagen
416 1945 538 2003 Ionicus

146 2043 313 2114 iucundior,
336 2061 426 2118 quam
448 2042 528 2100 lecta
548 2041 585 2100 de
605 2040 811 2119 pinguissimis

187 2141 267 2200 oliva
288 2130 380 2198 ramis
400 2137 550 2209 arborum,

68 2246 69 2249 ’
147 2246 202 2298 aut
222 2238 316 2297 herba
336 2236 454 2313 lapathi
474 2243 563 2313 prata
584 2238 716 2294 amantis
736 2244 768 2295 et
788 2239 875 2313 gravi

187 2335 305 2394 malvae
325 2333 460 2392 salubres
481 2335 606 2410 corpori,

148 2433 196 2491 vel
217 2452 296 2508 agna
316 2430 403 2489 festis
424 2449 510 2488 caesa
530 2430 752 2489 Terminalibus

188 2530 237 2588 vel
257 2527 372 2587 haedus
393 2534 514 2604 ereptus
535 2528 613 2605 lupo.

148 2626 204 2684 has
223 2625 305 2682 inter
324 2624 428 2708 epulas
449 2629 486 2681 ut
506 2623 593 2681 iuvat
613 2630 716 2700 pastas
736 2643 807 2682 oves

189 2721 292 2780 videre
312 2725 507 2797 properantes
528 2718 658 2790 domum,

148 2818 251 2877 videre
271 2816 365 2876 fessos
385 2834 534 2874 vomerem
556 2816 709 2874 inversum
730 2815 821 2875 boves

190 2915 266 2974 collo
286 2913 443 2971 trahentes
463 2912 614 2989 languido,

147 3013 319 3090 positosque
338 3027 455 3080 vernas,
478 3008 551 3066 ditis
571 3027 698 3066 examen
720 3007 836 3080 domus,

190 3110 304 3167 circum
325 3105 498 3165 renidentes
519 3104 645 3164 Lares!'
