2198 3652
104 294 140 344 22
386 288 552 343 HORATII
577 287 732 355 EPODON

104 434 165 486 vos,
189 413 298 489 quibus
319 419 366 471 est
386 414 492 484 virtus,
515 411 692 470 muliebrem
712 412 811 470 tollite
831 413 957 482 luctum,

146 510 277 567 Etrusca
296 515 418 586 praeter
437 515 470 567 et
490 509 591 566 volate
612 507 709 566 litora.
988 507 1016 577 φ’

104 626 158 665 nos
179 613 282 665 manet
303 605 441 662 Oceanus
462 605 686 681 circumvagus:
707 624 789 676 arva,
812 604 903 663 beata
970 631 972 634 >

144 707 282 782 petamus
302 723 376 761 arva
396 703 508 761 divites
528 708 560 761 et
580 702 704 774 insulas,

104 801 204 859 reddit
224 799 278 858 ubi
299 799 437 858 Cererem
459 799 550 857 tellus
567 799 691 856 inarata
712 801 875 875 quotannis

144 906 177 957 et
196 900 348 974 imputata
367 897 454 955 floret
475 916 569 974 usqne
587 898 684 970 vinea,

103 997 254 1074 germinat
277 1001 310 1053 et
328 1013 492 1071 numquam
513 993 648 1051 fallentis
666 999 777 1052 termes
797 994 903 1065 olivae,

145 1111 289 1169 suamque
311 1091 396 1168 pulla
414 1091 488 1149 ficus
508 1096 598 1148 ornat
618 1090 765 1162 arborem,

104 1191 193 1249 mella
214 1209 288 1248 cava
306 1195 433 1247 manant
451 1208 489 1247 ex
509 1188 585 1260 ilice,
605 1188 760 1246 montibus
776 1188 847 1245 altis

145 1290 219 1347 levis
240 1294 383 1365 crepante
401 1287 524 1364 lympha
542 1287 643 1345 desilit
659 1287 741 1363 pede.

104 1387 166 1445 illic
183 1387 314 1444 iniussae
335 1386 464 1443 veniunt
482 1384 521 1442 ad
542 1385 672 1443 mulctra
688 1385 826 1461 capellae,

145 1483 296 1558 refertque
316 1487 404 1540 tenta
427 1500 502 1558 grex
520 1482 634 1539 amicus
650 1483 744 1540 ubera
753 1503 761 1555 ;

104 1598 159 1637 nec
179 1579 369 1655 vespertinus
388 1578 594 1654 circumgemit
614 1597 702 1636 ursus
721 1579 807 1650 ovile,

144 1694 241 1751 neque
257 1673 433 1732 intumescit
450 1673 515 1732 alta
534 1674 645 1750 viperis
663 1673 780 1732 humus.

103 1773 250 1849 pluraque
269 1770 371 1829 felices
390 1771 583 1829 mirabimur:
611 1780 646 1829 ut
667 1791 764 1849 neque
782 1772 873 1848 largis

144 1873 273 1945 aquosus
291 1868 391 1926 Eurus
407 1888 481 1927 arva
499 1869 588 1927 radat
606 1869 763 1944 imbribus,

103 1967 228 2044 pinguia
246 1984 301 2024 nec
322 1965 408 2023 siccis
428 1971 557 2023 urantur
579 1967 695 2024 semina
718 1967 840 2043 glaebis,

144 2071 306 2141 utrumque
329 2082 399 2140 rege
419 2052 607 2140 temperante
626 2065 775 2122 caelitum.

103 2180 165 2219 non
183 2161 242 2218 huc
263 2159 367 2236 Argoo
385 2160 543 2218 contendit
563 2161 675 2236 remige
695 2161 794 2236 pinus,

144 2277 240 2334 neque
262 2256 414 2335 impudica
432 2257 550 2316 Colchis
568 2259 676 2316 intulit
694 2257 817 2335 pedem;

102 2373 164 2412 non
185 2355 244 2412 huc
264 2352 382 2412 Sidonii
398 2360 554 2413 torserunt
574 2374 686 2413 cornua
706 2362 817 2414 nautae

143 2452 291 2510 laboriosa
308 2470 364 2510 neo
386 2451 490 2510 cohors
507 2452 621 2511 Ulixei.

101 2549 186 2606 nulla
206 2554 316 2606 nocent
336 2549 435 2625 pecori
457 2550 604 2626 contagia,
625 2549 738 2608 nullius
758 2551 833 2608 astri

142 2666 261 2724 gregem
282 2652 420 2706 aestuosa
440 2653 537 2706 torret
557 2649 744 2724 impotentia.

103 2744 242 2821 Iuppiter
262 2744 315 2801 illa
334 2744 402 2820 piae
422 2745 550 2803 secrevit
570 2745 661 2803 litora
681 2747 774 2822 genti,

142 2847 179 2899 ut
198 2840 372 2917 inquinavit
391 2859 460 2900 aere
480 2847 600 2919 tempus
621 2861 763 2915 aureum3

101 2957 178 3010 aere,
201 2937 309 2995 dehinc
329 2937 410 2996 ferro
431 2938 555 2997 duravit
574 2940 701 3012 saecula,
721 2959 848 3016 quorum

143 3035 200 3111 piis
221 3033 352 3092 secunda
372 3040 444 3093 vate
463 3055 512 3094 me
533 3036 624 3094 datur
644 3036 724 3114 fuga.
