2198 3652
321 289 445 345 LIBER.
482 288 598 343 OARM.
618 286 675 343 III.

89 414 163 472 hece
184 414 236 471 ubi
257 414 376 472 locutus
396 412 550 471 fenerator
571 410 679 482 Alfius,

130 512 190 570 iam
211 512 271 569 iam
293 511 416 570 iuturus
437 511 575 580 rusticus,

91 628 210 668 omnem
231 608 348 687 redegit
368 607 477 666 Idibus
497 607 663 683 pecuniam,

132 707 252 783 quaerit
272 705 422 764 Kalendis
442 724 561 781 ponere.

286 1024 287 1027 Ν
365 943 552 1004 sennen
580 943 643 1001 111.

133 1092 274 1151 Parentis
295 1092 366 1150 olim
388 1092 413 1149 si
434 1092 501 1168 quis
521 1090 615 1167 impia
635 1110 727 1149 manu

173 1189 267 1247 senile
287 1194 396 1265 guttur
415 1187 547 1265 fregerit,

133 1286 198 1344 edit
218 1286 324 1344 cicutis
345 1285 438 1343 alium
459 1285 624 1343 nocentius.

174 1404 192 1443 o
212 1383 289 1442 dura
308 1401 472 1442 messorum
493 1382 563 1441 ilia!

134 1480 206 1559 quid
227 1480 282 1539 hoc
303 1480 413 1539 veneni
433 1480 530 1538 saevit
550 1481 584 1538 in
604 1479 804 1555 praecordiisl
946 1507 957 1546 ς

174 1596 248 1635 num
268 1577 423 1653 viperinus
443 1577 490 1635 his
511 1596 599 1635 cruor

134 1675 271 1733 incoctus
291 1673 393 1732 herbis
412 1693 461 1732 me
481 1674 611 1734 fefellit?
631 1695 670 1733 an
690 1674 786 1732 malas

175 1771 305 1831 Canidia
325 1772 473 1830 tractavit
493 1772 603 1850 dapesl

134 1876 171 1928 ut
192 1871 387 1946 Argonautas
408 1875 529 1947 praeter
549 1889 651 1929 omnes
671 1867 834 1927 candidum

176 1966 286 2025 Medea
306 1967 417 2024 mirata
437 1972 485 2025 est
505 1967 620 2038 ducem,

135 2065 241 2142 ignota
260 2064 358 2121 tauris
377 2064 566 2141 illigaturum
586 2065 657 2141 iuga

177 2161 322 2237 perunxit
342 2161 398 2219 hoc
419 2161 558 2219 Iasonem
568 2182 577 2234 3

137 2260 193 2317 hoc
213 2257 358 2316 delibutis
379 2257 445 2316 ulta
465 2258 552 2316 donis
572 2257 708 2335 pellicem

177 2362 317 2433 serpente
336 2354 418 2431 fugit
437 2355 518 2413 alite.

138 2471 193 2511 nec
213 2458 321 2510 tantus
341 2471 483 2529 umquam
504 2452 635 2510 siderum
655 2450 769 2510 insedit
789 2470 883 2529 vapor
937 2480 965 2519 ις

179 2550 350 2608 siticulosae
371 2551 511 2627 Apuliae,

139 2665 194 2705 nec
214 2666 324 2704 munus
345 2648 455 2704 umeris
476 2646 601 2705 efficacis
622 2646 764 2705 Herculis

179 2745 289 2803 inarsit
309 2745 484 2804 aestuosius.

96 2823 102 2832 ,
139 2847 174 2899 at
194 2842 220 2899 ei
241 2841 314 2918 quid
333 2861 468 2919 unquam
488 2843 550 2900 tale
574 2843 788 2920 concupiveris,

179 2939 278 2997 iocose
298 2938 468 3011 Maecenas,
490 2959 602 3017 precor,

141 3054 263 3092 manum
283 3024 384 3111 puella
404 3035 488 3093 savio
508 3041 641 3112 opponat
661 3042 722 3106 tuo,

181 3139 318 3191 extrema
337 3140 370 3192 et
390 3134 423 3191 in
444 3132 560 3211 sponda
580 3131 679 3191 cubet.
