2198 3652
342 299 467 360 LIBER
504 306 622 360 CARM.
639 306 675 362 V.

133 447 252 486 venena
271 426 400 486 Medeae
419 428 533 499 valent,

92 526 203 603 quibus
222 527 383 603 superbam
402 526 485 604 fugit
504 528 572 585 ulta
591 527 737 604 pellicem,

135 625 237 700 magni
258 622 398 681 Creontis
419 623 521 694 filiam,

94 741 161 779 cum
182 722 271 798 palla,
293 722 365 778 tabo
385 740 497 778 munus
516 721 677 792 imbutum,
699 741 810 779 novam

134 817 274 876 incendio
294 824 424 894 nuptam
443 819 593 876 abstuliti

93 915 180 990 atqui
200 933 256 972 nec
275 913 371 972 herba
390 933 446 973 nee
466 915 565 974 latens
585 916 618 973 in
639 917 753 992 asperis

135 1011 223 1068 radix
242 1009 354 1068 fefellit
373 1030 423 1068 me
442 1011 525 1068 locis.

93 1105 241 1165 indormit
260 1107 362 1164 unctis
382 1108 517 1164 omnium
538 1105 689 1166 cubilibus

136 1203 288 1261 oblivione
310 1202 459 1280 pellicum

95 1321 114 1357 a
134 1320 160 1372 a,
184 1299 301 1358 solutus
321 1298 459 1358 ambulat
479 1301 629 1359 veneficae

136 1396 304 1456 scientioris
325 1398 465 1455 carmine.

96 1514 158 1553 non
178 1495 309 1565 usitatis,
331 1493 423 1565 Vare,
446 1494 629 1570 potionibus,

137 1610 156 1648 ο
176 1591 274 1648 multa
293 1590 436 1648 fleturum
457 1597 557 1667 eaput,

97 1687 136 1746 ad
156 1706 205 1745 me
225 1706 360 1745 recurres
380 1706 435 1745 nee
456 1694 564 1746 vocata
584 1708 669 1747 mens
689 1695 745 1747 tua

138 1787 249 1844 Marsis
270 1785 383 1844 redibit
403 1786 545 1846 vocibus:

96 1886 194 1943 maius
215 1885 336 1962 parab0,
359 1885 457 1942 maius
477 1884 638 1943 infundam
659 1886 718 1944 tibi

138 1982 309 2041 fastidienti
330 1983 479 2060 poculum,

97 2081 240 2157 priusque
260 2079 376 2138 caelum
398 2078 477 2138 sidet
497 2079 625 2139 inferius
645 2081 731 2152 mari,

139 2177 248 2236 tellure
269 2183 407 2253 porrecta
428 2197 525 2254 super,

99 2293 189 2351 qnam
210 2293 272 2332 non
293 2294 394 2355 amore
408 2275 456 2333 'sic
477 2295 543 2334 meo
563 2276 670 2352 flagres
691 2279 738 2336 uti

139 2373 277 2431 bitumen
298 2373 374 2430 atris
394 2373 533 2449 ignibus!

101 2471 156 2528 sub
177 2471 251 2528 haee
271 2490 347 2547 puer
366 2472 427 2528 iam
448 2490 509 2529 non
530 2479 567 2530 ut
587 2478 659 2530 ante
679 2473 820 2531 mollibus

141 2567 235 2626 lenire
256 2569 355 2626 verbis
376 2568 491 2645 impias,

100 2663 152 2722 sed
173 2663 283 2722 dubius
304 2663 385 2722 unde
406 2671 560 2742 rumperet
581 2666 738 2724 silentium

141 2759 225 2816 misit
245 2759 408 2835 Thyesteas
428 2779 538 2836 preces.

103 2862 236 2914 ‘venena
256 2876 399 2932 magnum
420 2856 467 2915 fas
488 2857 633 2935 nefasque
653 2878 714 2917 non
737 2859 840 2917 valent

141 2957 317 3010 convertere
337 2953 499 3010 humanam
520 2954 624 3012 vicem.

101 3048 176 3107 diris
196 3069 284 3125 agam
304 3069 357 3108 vos
367 3071 376 3123 ;
397 3050 464 3107 dira
484 3050 647 3109 detestatio

143 3147 228 3204 nulla
247 3149 393 3225 expiatur¹
410 3147 542 3207 victima.
