2198 3652
255 320 377 376 LIBER.
415 319 531 375 OARM.
551 320 618 378 VII.
639 321 689 378 IX.
893 327 927 377 15

95 461 136 500 an
157 442 183 500 si
204 442 272 518 quis
292 448 361 500 atro
380 441 473 500 dente
493 462 540 500 me
561 445 713 519 petiverit,
899 475 922 514 ις

137 540 254 598 inultus
275 547 311 598 ut
330 540 417 599 flebo¹
428 542 522 618 pueri

319 737 504 795 OARMEN
532 738 610 798 VII.

95 867 170 940 Quo,
193 887 253 944 quo
273 869 391 926 scelesti
412 868 501 925 ruitis
522 874 578 926 aut
599 887 652 926 eur
673 869 806 928 dexteris

135 971 283 1042 aptantur
303 984 388 1024 enses
408 966 543 1023 eonditii

94 1082 242 1140 parumne
263 1064 374 1140 campis
395 1068 487 1138 atque
508 1063 654 1140 Neptuno
675 1084 765 1141 super

134 1159 235 1218 iusum
257 1166 303 1219 est
326 1162 430 1218 Latini
450 1162 614 1238 sanguinis,

95 1277 157 1316 non
177 1263 214 1315 ut
234 1256 378 1333 superbas
399 1258 520 1316 invidae
542 1258 745 1335 Karthaginis
908 1290 919 1328 5

135 1354 292 1412 Romanus
312 1373 395 1412 arces
415 1360 525 1426 ureret,

93 1452 228 1509 intactus
249 1457 304 1509 aut
325 1452 492 1511 Britannus
513 1459 549 1511 ut
570 1452 764 1512 descenderet

135 1547 227 1605 Sacra
248 1552 407 1606 catenatus
428 1549 488 1621 via,

94 1645 143 1703 sed
166 1651 203 1702 ut
223 1645 388 1703 seeundum
409 1652 482 1703 vota
502 1645 684 1704 Parthorum
706 1666 760 1704 sua

134 1741 206 1800 urbs
225 1741 301 1800 haec
321 1742 435 1819 periret
455 1742 600 1802 dextera?

93 1858 190 1916 neque
210 1840 260 1898 hie
280 1840 360 1917 lupis
380 1860 444 1899 mos
464 1859 520 1899 nec
540 1840 602 1898 iuit
622 1840 759 1899 leonibus

133 1956 266 2013 unquam
288 1937 348 1994 nisi
368 1937 402 1994 in
423 1936 626 2013 disperseris.

93 2031 217 2092 furorne
237 2053 343 2092 caecus
364 2054 404 2092 an
425 2035 507 2111 rapit
528 2035 574 2092 vis
595 2035 692 2093 aerior

133 2153 173 2190 an
195 2133 302 2210 eulpa?
329 2153 505 2210 responsum
526 2132 613 2192 date!

93 2236 207 2301 tacent,
229 2236 262 2288 et
282 2230 369 2289 albus
390 2251 443 2289 ora
464 2230 562 2307 pallor
582 2231 680 2289 inficit
894 2261 918 2299 15

133 2334 308 2404 mentesque
328 2327 483 2404 perculsae
503 2333 636 2403 stupent.

93 2424 135 2482 sic
156 2430 220 2483 est:
241 2425 351 2484 acerba
370 2425 437 2483 fata
458 2425 612 2483 Romanos
632 2431 729 2502 agimt

133 2522 288 2600 scelusque
308 2522 463 2581 fraternae
484 2523 572 2594 neeis,

93 2624 129 2676 ut
149 2618 336 2678 immerentis
355 2620 447 2677 fiuxit
467 2619 500 2677 in
520 2625 634 2677 terram
655 2620 745 2678 Remi

134 2734 217 2774 sacer
237 2716 398 2792 nepotibus
418 2734 514 2775 eruor.

323 2910 510 2970 OARMEN
541 2910 601 2970 IX.

93 3040 222 3111 Quando
235 3051 389 3118 repostum
403 3041 574 3101 Caecubum
589 3043 629 3101 ad
641 3042 736 3101 festas
750 3043 842 3119 dapes

134 3138 249 3198 victore
269 3140 367 3199 laetus
389 3139 516 3199 Caesare
