2198 3652
89 272 124 323 10
368 268 533 324 HORATII
558 271 714 327 EPODON

402 467 588 527 OARMEN
616 469 674 527 IV.

189 589 282 669 Lupis
303 599 335 649 et
355 592 441 668 agnis
462 599 578 669 quanta
598 594 707 652 sortito
727 593 849 672 obtigit,

228 695 328 746 tecum
348 689 423 746 mihi
444 689 594 748 discordia
613 697 668 765 est,

188 784 342 844 Hibericis
362 793 484 863 peruste
503 787 629 846 funibus
649 788 730 848 latus

227 888 259 939 et
279 900 367 939 crura
387 881 463 940 dura
484 884 632 960 compede.

187 977 259 1036 lieet
279 977 425 1054 superbus
445 978 580 1038 ambules
601 981 736 1057 pecunia,
980 1014 991 1052 ⁵

227 1074 350 1133 fortuna
370 1095 432 1134 non
452 1083 553 1134 mutat
573 1097 676 1153 genus.

186 1171 317 1245 videsne,
341 1172 463 1232 Sacram
483 1175 629 1234 metiente
649 1182 682 1233 te
702 1174 784 1233 viam

226 1290 294 1329 oum
314 1269 361 1328 bis
381 1270 476 1328 trium
496 1270 637 1328 ulnarum
657 1278 737 1348 toga,

185 1374 221 1426 ut
241 1386 294 1426 ora
313 1373 416 1425 vertat
436 1368 496 1425 huc
515 1374 548 1426 et
568 1368 627 1426 huc
648 1368 786 1426 euntium
829 1387 833 1394 ·

224 1464 377 1523 liberrima
397 1465 588 1542 indignatio?

141 1547 143 1550 Ι
186 1569 301 1622 ‘sectus
321 1562 446 1640 flagellis
466 1563 515 1621 hic
536 1563 777 1622 triumviralibus

223 1659 378 1737 praeconis
398 1659 436 1718 ad
457 1659 615 1718 fastidium

183 1764 251 1817 arat
272 1758 393 1816 Falerni
413 1759 496 1818 mille
516 1758 605 1817 fundi
625 1760 729 1835 iugera

222 1862 254 1914 et
275 1856 409 1932 Appiam
429 1858 549 1914 mannis
570 1858 652 1929 terit,

181 1951 383 2029 sedilibusque
403 1972 530 2029 magnus
550 1953 583 2009 in
603 1953 709 2029 primis
729 1972 820 2030 eques
962 1986 986 2024 15

222 2048 342 2106 Othone
363 2055 536 2126 contempto
556 2049 648 2108 sedet.

181 2146 254 2223 quid
274 2147 388 2204 attinet
408 2153 456 2205 tot
476 2166 529 2205 ora
549 2147 674 2206 navium
694 2148 781 2224 gravi

221 2250 353 2302 rostrata
373 2242 443 2302 duci
463 2242 596 2320 pondere

180 2346 286 2398 contra
306 2339 439 2399 latrones
460 2347 552 2418 atque
571 2341 710 2400 servilem
730 2361 854 2400 manum

219 2438 283 2509 hoc,
305 2438 361 2496 hoc
382 2437 507 2497 tribuno
527 2439 695 2498 milituml’

399 2729 587 2790 OARMEN
615 2733 654 2791 V.

70 2917 73 2922 ’
115 2899 176 2958 ‘At
196 2918 214 2958 0
234 2899 359 2959 deorum
379 2902 526 2980 quidquid
546 2903 579 2961 in
600 2904 681 2963 eaelo
702 2906 781 2982 regit

155 3002 251 3054 terras
272 3003 304 3054 et
324 2998 490 3056 humanum
510 3017 613 3076 genus,

113 3092 187 3169 quid
207 3093 265 3152 iste
285 3093 347 3152 lert
367 3096 536 3155 tumultuat
562 3103 595 3155 et
614 3096 689 3174 quid
709 3098 842 3156 omnium
