2198 3652
268 302 391 357 mma.
428 287 544 357 clau
563 301 660 357 xvn.
885 303 920 356 ss

297 487 483 546 GARMEN
511 486 622 543 XVII.

94 620 162 678 Iam
182 621 242 677 iam
263 619 374 676 efficaci
394 617 434 675 do
454 636 561 674 manus
581 616 733 687 scientiae,
797 643 798 646 ¹

95 716 221 793 supplex
242 721 274 773 et
295 734 346 773 oro
366 734 458 791 regna
478 733 533 790 per
551 713 756 789 Proserpinae,

93 833 147 890 per
167 819 199 871 et
220 813 340 870 Dionae
360 830 422 869 non
442 809 591 868 movenda
612 810 745 879 numina,

94 930 148 986 per
168 915 260 986 atque
281 907 373 966 libros
394 907 561 964 carminum
581 907 750 964 velentium

95 1008 189 1064 refixa
209 1006 291 1064 caelo
312 1006 456 1064 devocare
475 1005 581 1076 sidera,
907 1034 918 1070 5

95 1103 230 1176 Canidia,
253 1122 343 1179 parce
363 1100 487 1161 vocibus
507 1102 632 1160 tandem
653 1104 745 1161 sacris

95 1202 248 1276 citumque
269 1205 350 1258 retro
371 1199 460 1270 solve,
483 1198 565 1256 solve
586 1198 747 1257 turbinem.

19 1358 20 1362 ,
95 1299 192 1357 movit
212 1305 351 1376 nepotem
374 1298 522 1374 Telephus
543 1297 697 1368 Neretum,

95 1398 128 1454 in
149 1415 237 1472 quem
259 1396 404 1472 superbus
425 1394 582 1453 ordinarat
602 1395 725 1471 agmina

95 1495 252 1570 Mysorum
272 1493 358 1551 etin
379 1512 467 1569 quem
488 1493 550 1550 tela
570 1501 660 1551 acuta
680 1499 818 1552 torserat.
897 1525 922 1550 10

95 1611 210 1650 unxere
230 1597 342 1649 matres
363 1591 439 1648 Iliae
460 1590 613 1649 addictum
636 1590 709 1648 ieris

95 1687 224 1769 alitibus·
241 1694 333 1765 atque
353 1687 478 1745 cunibus
499 1687 679 1744 homicidam
694 1685 866 1756 Hectorem,

95 1793 254 1864 postquam
274 1787 388 1846 relictis
408 1785 564 1844 moenibus
585 1805 639 1843 rex
659 1783 790 1862 procidit

96 1885 154 1941 heu
174 1883 337 1961 pervicacis
358 1881 398 1940 sd
418 1880 509 1957 pedes
530 1881 670 1939 Achillei.

95 1985 212 2037 saetosa
233 1979 316 2036 duris
337 1996 446 2037 exuere
466 1977 595 2054 pellibus
896 2006 920 2044 15

97 2076 237 2135 laboriosi
258 2077 384 2153 remiges
406 2076 512 2134 Ulixei
664 2064 668 2072 ’

96 2174 216 2233 volente
237 2173 324 2232 Circa
344 2172 496 2232 membra:
525 2179 590 2230 tum
611 2192 696 2230 mens
716 2178 748 2230 et
768 2189 859 2230 sonus

95 2274 229 2350 relapsus
249 2278 342 2349 atque
361 2278 452 2330 notus
473 2271 506 2329 in
527 2271 627 2329 voltus
649 2271 750 2328 honor.

94 2371 165 2429 dedi
185 2371 259 2428 satis
280 2387 428 2446 superque
449 2387 613 2445 poenarum
634 2366 701 2439 tibi,

95 2475 197 2528 emata
217 2469 320 2526 nautis
341 2467 471 2524 multum
492 2472 524 2524 et
544 2465 745 2523 institoribus.

95 2564 176 2641 fugit
196 2565 336 2622 iuventas
357 2569 390 2621 et
409 2562 597 2621 verecundus
617 2562 698 2620 color

96 2661 219 2737 reliquit
239 2679 305 2719 ossa
326 2660 403 2737 pelle
423 2660 535 2717 amicto
554 2657 673 2730 lurids;

95 2758 157 2815 tuis
177 2757 303 2833 capillus
324 2755 411 2814 albus
431 2761 479 2813 est
498 2753 660 2827 odoribus,

95 2856 213 2913 nullum
233 2875 251 2912 a
271 2854 373 2912 labore
393 2872 441 2911 me
461 2853 590 2910 reclinat
610 2852 707 2909 otium
716 2871 725 2923 ;

95 2961 183 3031 urget
203 2953 283 3011 diem
303 2972 365 3010 nox
385 2958 417 3009 et
437 2951 501 3009 dics
521 2956 640 3009 noctem
662 2968 759 3026 neque
780 2955 826 3009 est
895 2978 920 3015 25

95 3052 195 3110 levare
215 3057 303 3110 tenta
323 3050 433 3126 spiritu
452 3047 634 3126 praecordis.

93 3167 164 3225 ergo
184 3154 328 3225 negatum
349 3147 455 3204 vincor
474 3151 510 3204 ut
531 3143 652 3204 credam
673 3143 771 3215 miser,
