2198 3652
121 287 154 338 18
399 277 563 335 HORATII
588 275 742 333 EPODON

201 402 307 460 Ionius
327 399 387 459 udo
408 419 476 457 cum
497 399 667 474 remugiens
688 399 771 455 sinus

241 498 325 556 Noto
345 497 479 556 carinam
499 494 624 571 ruperit.

201 596 300 672 opima
322 594 427 671 quodsi
448 592 560 670 praeda
581 611 673 649 curvo
694 590 782 649 litore

241 697 379 769 porrecta
399 709 516 767 mergos
536 689 656 760 iuveris,

200 789 379 848 libidinosus
400 787 607 848 immolabitur
627 806 716 863 caper

241 895 273 946 et
293 907 373 965 agna
393 885 643 962 Tempestatibus.

415 1278 600 1337 OARMEN
628 1278 726 1336 XIII.

121 1453 256 1512 Horrida
276 1458 440 1528 tempestas
460 1452 576 1509 caelum
597 1451 758 1523 contraxit,
781 1458 813 1509 et
833 1451 943 1510 imbres

160 1552 304 1627 nivesque
321 1549 476 1608 deducunt
490 1549 612 1620 Iovem3
633 1568 715 1606 nunc
728 1568 818 1621 mare,
834 1569 915 1607 nunc
930 1550 1024 1608 siluae

1 1720 3 1724 ι
121 1649 257 1707 Threicio
278 1647 431 1723 Aquilone
451 1652 579 1704 sonant:
601 1647 761 1722 rapiamus,
784 1647 881 1718 amici,

161 1745 346 1803 occasionem
367 1742 482 1815 dedic,
505 1743 636 1819 dumque
657 1743 758 1800 virent
778 1761 876 1819 genua

120 1849 152 1901 et
173 1843 267 1914 decet,
290 1841 423 1901 obducta
443 1841 580 1899 solvatur
599 1840 701 1899 fronte
721 1847 867 1900 senectus.
1014 1873 1025 1909 5

161 1946 197 1998 tu
218 1941 291 1996 vina
312 1940 466 2015 Torquato
485 1957 572 1996 move
593 1938 713 1996 consule
734 1957 836 2014 pressa
856 1956 922 1995 meo
931 1958 939 2010 3

121 2043 221 2096 cetera
241 2037 330 2094 mitte
350 2034 450 2112 loqui:
472 2033 547 2094 deus
566 2033 640 2092 haec
660 2033 788 2092 fortasse
808 2033 939 2110 benigna

161 2131 286 2190 reducet
305 2131 338 2188 in
360 2129 460 2188 sedem
481 2131 554 2189 vice.
597 2149 678 2187 nunc
699 2136 731 2187 et
751 2129 956 2188 Achaemenio

119 2229 261 2307 perfundi
282 2227 377 2286 nardo
397 2227 483 2285 iuvat
503 2233 536 2286 et
554 2225 615 2285 fide
635 2225 778 2304 Cyllenea

161 2329 260 2385 levare
281 2326 354 2384 diris
375 2331 497 2401 pectora
517 2322 788 2397 sollicitudinibus;

120 2425 229 2483 nobilis
250 2429 286 2481 ut
306 2420 415 2499 grandi
436 2421 546 2480 cecinit
567 2420 738 2479 Centaurus
758 2421 898 2480 alumno:

162 2519 300 2590 ‘invicta
323 2517 460 2576 mortalis
481 2517 537 2576 dea
557 2523 638 2588 nate,
660 2535 742 2593 puer,
766 2517 901 2590 Thetide,

120 2625 152 2679 te
172 2621 276 2676 manet
296 2614 438 2673 Assaraci
459 2614 559 2688 tellus,
582 2634 672 2692 quam
691 2614 803 2692 frigida
823 2616 909 2693 parvi

160 2714 282 2774 findunt
303 2711 479 2770 Scamandri
499 2712 632 2784 flumina,
655 2711 787 2771 lubricus
808 2719 840 2772 et
861 2712 976 2785 Simois,

119 2814 200 2873 unde
220 2811 279 2870 tibi
299 2810 432 2869 reditum
452 2816 535 2868 certo
555 2809 724 2869 subtemine
745 2810 858 2869 Parcae
1001 2843 1025 2880 15

160 2928 275 2988 rupere,
297 2927 352 2966 nec
372 2914 470 2965 mater
490 2906 612 2966 domum
632 2908 752 2965 caerula
772 2913 804 2965 te
824 2908 954 2967 revehet.

119 3013 181 3070 illic
202 3028 290 3069 omne
309 3008 423 3065 malum
444 3009 515 3065 vino
536 3013 688 3083 cantuque
708 3007 817 3064 levato'

161 3107 304 3167 deformis
324 3105 526 3181 aegrimoniae
547 3103 685 3162 dulcibus
705 3104 862 3181 alloquiis!
