2198 3652
344 277 465 331 LIBER.
503 276 618 332 OARM.
640 277 680 333 ΙΙ.
950 279 965 334 7

98 420 171 477 ergo
191 408 247 459 aut
267 401 373 459 adulta
394 401 504 458 vitium
525 401 689 477 propagine
814 440 842 476 (2

140 500 219 556 altas
239 500 365 557 maritat
385 499 517 576 populos,
760 480 827 540 ¹³²⁴)
851 478 944 540 βία
941 494 988 577 1>-

98 595 184 653 aut
175 615 208 652 1n
229 594 354 653 reducta
374 595 453 652 valle
473 595 673 672 mugientium
728 586 818 647 W!
839 547 1030 715 luigni&
1038 612 1082 648 rs

140 697 313 768 prospectat
333 696 469 749 errantes
489 710 601 768 greges,
751 699 857 758 ''lssu
877 723 927 753 w
940 703 1002 756 wa
1014 685 1082 760 cccl

99 788 283 864 inutilesque
303 787 381 845 falce
402 807 500 846 ramos
520 794 681 864 amputans
822 780 996 858 veeste-'¹

140 883 288 942 feliciores
308 883 423 956 inserit,

97 986 154 1039 aut
175 999 276 1056 pressa
296 981 380 1057 puris
401 981 490 1037 mella
510 980 615 1039 condit
635 980 794 1057 amphoris,
941 1011 964 1049 15

140 1085 195 1136 aut
215 1076 323 1136 tondet
343 1077 476 1135 infirmas
497 1097 586 1152 oves;

99 1175 148 1233 vel
169 1193 237 1232 cum
258 1173 398 1232 decorum
419 1175 544 1233 mitibus
564 1175 661 1252 pomis
682 1182 773 1252 caput

64 1290 67 1296 ·
140 1273 317 1328 Autumnus
338 1271 418 1346 agris
438 1270 558 1343 extulit,

98 1373 135 1425 ut
154 1364 269 1443 gaudet
288 1364 415 1423 insitiva
435 1365 596 1443 decerpens
617 1367 691 1443 pira,

139 1469 306 1522 certantem
329 1470 361 1520 et
381 1483 473 1521 uvam
493 1484 653 1541 purpurae,
792 1457 793 1460 ¹

96 1581 158 1640 qua
178 1566 354 1618 muneretur
374 1567 414 1632 te,
437 1561 554 1638 Priape,
578 1568 671 1633 otte,
694 1567 781 1638 pater

118 1733 120 1737 η
139 1657 269 1728 Silvano,
292 1663 377 1714 tutor
396 1657 511 1715 finium.

97 1753 174 1813 libet
193 1754 290 1812 iacere
310 1752 399 1812 modo
419 1753 476 1812 sub
496 1755 623 1832 antiqua
643 1754 720 1826 ilice,

137 1850 226 1909 modo
246 1851 278 1908 in
299 1851 400 1908 tenaci
420 1851 573 1927 gramine:

95 1949 243 2006 labuntur
262 1947 335 2005 altis
354 1947 477 2005 interim
499 1947 572 2023 ripis
593 1966 697 2024 aquae,

137 2051 307 2122 queruntur
327 2044 360 2100 in
381 2043 465 2102 silvis
485 2063 564 2116 aveS,

95 2141 254 2218 fontesque
274 2140 405 2218 lymphis
426 2139 605 2216 obstrepunt
626 2137 830 2211 manantibus,

137 2256 256 2296 somnos
276 2235 357 2314 quod
377 2236 490 2294 invitet
509 2235 597 2294 leves.

92 2341 129 2394 at
150 2354 218 2393 cum
239 2333 375 2392 tonantis
395 2351 494 2391 annus
514 2331 659 2391 hibernus
680 2331 763 2390 Iovis

135 2432 245 2490 imbres
266 2430 410 2506 nivesque
431 2435 593 2505 comparat,
937 2462 962 2499 30

91 2535 150 2586 aut
170 2526 269 2585 trudit
289 2544 372 2582 acres
392 2525 463 2582 hinc
484 2530 516 2583 et
536 2525 607 2582 hinc
628 2525 726 2581 multa
747 2543 821 2582 cane

135 2643 223 2702 apros
244 2624 277 2682 in
298 2623 453 2682 obstantes
473 2621 586 2698 plagas,

92 2728 149 2781 aut
169 2721 262 2779 amite
282 2720 342 2779 levi
363 2740 432 2777 rara
452 2719 554 2778 tendit
574 2721 660 2791 retia,

135 2818 234 2877 turdis
255 2817 397 2876 edacibus
420 2818 513 2890 dolos,

92 2915 295 2993 pavidumque
311 2916 442 2992 leporem
462 2920 495 2972 et
513 2914 661 2973 advenam
679 2914 786 2992 laqueo
799 2934 904 2992 gruem
935 2947 959 2984 ³⁵

133 3011 265 3070 iucunda
285 3018 389 3088 csptat
409 3012 551 3087 praemia.

90 3102 159 3186 quis
179 3126 240 3166 non
261 3108 409 3165 malarum
429 3128 504 3186 quas
524 3128 608 3166 amor
628 3128 715 3166 curas
736 3108 829 3166 habet
