2198 3652
374 278 540 334 HORATII
560 279 716 336 EPODON

171 419 268 459 comes
289 402 404 460 minore
424 421 490 459 sum
511 401 633 460 futurus
654 403 687 460 in
707 409 800 475 metu,

212 497 264 573 qui
285 498 380 556 maior
400 497 543 557 absentes
561 500 671 559 habet:

172 600 208 652 ut
228 594 363 653 assidens
383 594 577 672 implumibus
598 597 689 673 pullis
709 597 775 654 avis

212 693 399 768 serpentium
419 692 552 769 allapsus
572 694 662 751 timet

171 789 267 865 magis
288 788 409 860 relictis,
431 808 501 861 non,
524 795 560 846 ut
580 789 668 861 adsit,
691 789 787 847 auxili

212 886 313 943 latura
333 885 401 963 plus
421 887 638 962 praesentibus.

172 984 302 1041 libenter
322 983 377 1042 hcc
398 989 431 1041 et
451 1001 539 1041 omne
558 983 742 1041 militabitur

212 1080 325 1139 bellum
345 1082 378 1138 in
398 1087 470 1139 tuae
491 1099 573 1157 spem
593 1081 718 1158 gratiae,

171 1198 232 1237 non
253 1184 290 1236 ut
309 1179 444 1236 iuvencis
464 1179 582 1255 illigata
602 1179 739 1255 pluribus

212 1282 315 1334 aratra
335 1277 476 1335 nitantur
496 1277 576 1335 meis
758 1278 763 1286 “

171 1392 299 1450 pecuum
322 1372 459 1431 Calabris
480 1380 552 1432 ante
573 1374 656 1432 sidus
676 1373 827 1432 fervidum

212 1468 336 1526 Lucana
355 1474 455 1526 mutet
474 1471 601 1545 pascuis,

171 1585 269 1644 neque
289 1571 326 1624 ut
346 1567 469 1642 superni
489 1567 562 1624 villa
583 1567 715 1626 candens
735 1567 857 1626 Tusculi

212 1661 337 1722 Circaea
357 1669 467 1741 tangat
487 1665 613 1722 moenia.
974 1699 998 1738 30

172 1761 246 1819 satis
267 1779 414 1837 superque
434 1779 482 1819 me
502 1759 674 1838 benignitas
695 1767 750 1820 tua

212 1858 343 1917 ditavit:
364 1857 448 1917 haud
467 1877 621 1935 paravero,
662 1895 665 1900 -
757 1868 759 1871 '

171 1955 250 2034 quod
271 1961 326 2013 aut
346 1975 455 2013 avarus
476 1961 512 2013 ut
533 1953 675 2014 Chremes
696 1961 778 2015 terra
798 1976 939 2034 premam,

211 2052 377 2111 discinctus
397 2059 452 2110 aut
472 2051 596 2128 perdam
616 2072 717 2130 nepos.

414 2296 600 2356 OARMEN
627 2299 672 2357 II.

133 2447 259 2505 ‘Beatus
280 2446 338 2517 ille,
361 2445 414 2522 qui
433 2445 537 2521 procul
558 2446 695 2523 negotiis,

169 2548 206 2601 ut
226 2543 325 2619 prisca
345 2560 418 2618 gens
439 2541 620 2614 mortalium,

128 2651 256 2724 paterna
277 2663 348 2702 rura
368 2643 464 2702 bobus
484 2649 605 2702 exercet
624 2644 694 2715 suis,

169 2742 287 2802 solutus
308 2741 390 2801 omni
410 2741 522 2813 fenore,

128 2858 225 2918 neque
244 2839 397 2897 excitatur
416 2839 539 2896 classico
559 2838 644 2896 miles
664 2839 753 2910 truci,
979 2871 990 2909 5

167 2954 265 3014 neque
285 2936 388 2994 horret
408 2935 521 2992 iratum
534 2923 633 3005 mare,

128 3034 286 3110 ferumque
306 3032 386 3090 vitat
406 3036 438 3090 et
458 3030 587 3108 superba
607 3031 719 3089 civium

167 3129 373 3207 potentiorum
393 3128 507 3186 limina.
