<?xml version="1.0" encoding="UTF-8"?>
<!DOCTYPE html PUBLIC "-//W3C//DTD XHTML 1.0 Transitional//EN"
    "http://www.w3.org/TR/xhtml1/DTD/xhtml1-transitional.dtd">
<html xmlns="http://www.w3.org/1999/xhtml" xml:lang="en" lang="en">
 <head>
  <title>
</title>
<meta http-equiv="Content-Type" content="text/html;charset=utf-8" />
  <meta name='ocr-system' content='tesseract 3.04.00' />
  <meta name='ocr-capabilities' content='ocr_page ocr_carea ocr_par ocr_line ocrx_word'/>
</head>
<body>
  <div class='ocr_page' id='page_1' title='image "./epodonliber00horagoog/epodonliber00horagoog_0019.png"; bbox 0 0 2198 3652; ppageno 0'>
   <div class='ocr_carea' id='block_1_1' title="bbox 92 313 126 363">
    <p class='ocr_par' dir='ltr' id='par_1_1' title="bbox 92 313 126 363">
     <span class='ocr_line' id='line_1_1' title="bbox 92 313 126 363; baseline 0 0"><span class='ocrx_word' id='word_1_1' title='bbox 92 313 126 363; x_wconf 83' lang='lat'><strong>14</strong></span> 
     </span>
    </p>
   </div>
   <div class='ocr_carea' id='block_1_2' title="bbox 374 293 720 364">
    <p class='ocr_par' dir='ltr' id='par_1_2' title="bbox 374 293 720 364">
     <span class='ocr_line' id='line_1_2' title="bbox 374 293 720 364; baseline 0.006 -2"><span class='ocrx_word' id='word_1_2' title='bbox 374 309 539 364; x_wconf 74' lang='lat' dir='ltr'><strong>nomin</strong></span> <span class='ocrx_word' id='word_1_3' title='bbox 564 293 720 364; x_wconf 73' lang='lat' dir='ltr'><strong>monor</strong></span> 
     </span>
    </p>
   </div>
   <div class='ocr_carea' id='block_1_3' title="bbox 172 432 999 1576">
    <p class='ocr_par' dir='ltr' id='par_1_3' title="bbox 173 432 788 587">
     <span class='ocr_line' id='line_1_3' title="bbox 173 432 788 510; baseline -0.002 -20"><span class='ocrx_word' id='word_1_4' title='bbox 173 434 255 510; x_wconf 88' lang='lat' dir='ltr'><strong>quin,</strong></span> <span class='ocrx_word' id='word_1_5' title='bbox 278 432 331 490; x_wconf 90' lang='lat' dir='ltr'><strong>ubi</strong></span> <span class='ocrx_word' id='word_1_6' title='bbox 351 432 449 508; x_wconf 85' lang='lat' dir='ltr'><strong>parire</strong></span> <span class='ocrx_word' id='word_1_7' title='bbox 469 432 568 490; x_wconf 87' lang='lat' dir='ltr'><strong>iussus</strong></span> <span class='ocrx_word' id='word_1_8' title='bbox 588 432 788 508; x_wconf 81' lang='lat' dir='ltr'><strong>exspiravere,</strong></span> 
     </span>
     <span class='ocr_line' id='line_1_4' title="bbox 213 528 674 587; baseline -0.004 -1"><span class='ocrx_word' id='word_1_9' title='bbox 213 534 380 587; x_wconf 85' lang='lat' dir='ltr'><strong>nocturnus</strong></span> <span class='ocrx_word' id='word_1_10' title='bbox 401 547 555 586; x_wconf 86' lang='lat' dir='ltr'><strong>occurram</strong></span> <span class='ocrx_word' id='word_1_11' title='bbox 576 528 674 586; x_wconf 82' lang='lat' dir='ltr'><strong>Furor</strong></span> 
     </span>
    </p>

    <p class='ocr_par' dir='ltr' id='par_1_4' title="bbox 173 623 884 799">
     <span class='ocr_line' id='line_1_5' title="bbox 173 623 884 701; baseline 0 -19"><span class='ocrx_word' id='word_1_12' title='bbox 173 631 333 701; x_wconf 73' lang='lat' dir='ltr'>petamque</span> <span class='ocrx_word' id='word_1_13' title='bbox 354 623 455 682; x_wconf 86' lang='lat' dir='ltr'><strong>voltus</strong></span> <span class='ocrx_word' id='word_1_14' title='bbox 475 625 582 682; x_wconf 92' lang='lat' dir='ltr'><strong>umbra</strong></span> <span class='ocrx_word' id='word_1_15' title='bbox 603 624 703 682; x_wconf 86' lang='lat' dir='ltr'><strong>curvis</strong></span> <span class='ocrx_word' id='word_1_16' title='bbox 723 625 884 700; x_wconf 81' lang='lat' dir='ltr'><strong>unguibus,</strong></span> 
     </span>
     <span class='ocr_line' id='line_1_6' title="bbox 213 723 738 799; baseline -0.004 -18"><span class='ocrx_word' id='word_1_17' title='bbox 213 743 290 799; x_wconf 89' lang='lat' dir='ltr'><strong>quae</strong></span> <span class='ocrx_word' id='word_1_18' title='bbox 310 724 357 782; x_wconf 82' lang='lat' dir='ltr'><strong>vis</strong></span> <span class='ocrx_word' id='word_1_19' title='bbox 378 724 502 781; x_wconf 83' lang='lat' dir='ltr'><strong>deorum</strong></span> <span class='ocrx_word' id='word_1_20' title='bbox 522 730 569 781; x_wconf 86' lang='lat' dir='ltr'><strong>est</strong></span> <span class='ocrx_word' id='word_1_21' title='bbox 590 723 738 795; x_wconf 88' lang='lat' dir='ltr'><strong>Manium,</strong></span> 
     </span>
    </p>

    <p class='ocr_par' dir='ltr' id='par_1_5' title="bbox 172 820 999 992">
     <span class='ocr_line' id='line_1_7' title="bbox 172 820 999 897; baseline -0.001 -19"><span class='ocrx_word' id='word_1_22' title='bbox 172 826 205 878; x_wconf 86' lang='lat' dir='ltr'><strong>et</strong></span> <span class='ocrx_word' id='word_1_23' title='bbox 225 820 369 897; x_wconf 79' lang='lat' dir='ltr'><strong>inquietis</strong></span> <span class='ocrx_word' id='word_1_24' title='bbox 389 820 524 878; x_wconf 80' lang='lat' dir='ltr'><strong>assidens</strong></span> <span class='ocrx_word' id='word_1_25' title='bbox 547 820 729 896; x_wconf 78' lang='lat' dir='ltr'><strong>praecordiis</strong></span> <span class='ocrx_word' id='word_1_26' title='bbox 973 852 999 891; x_wconf 76' lang='lat'><strong>95</strong></span> 
     </span>
     <span class='ocr_line' id='line_1_8' title="bbox 213 916 656 992; baseline 0 -19"><span class='ocrx_word' id='word_1_27' title='bbox 213 936 324 992; x_wconf 87' lang='lat' dir='ltr'><strong>pavore</strong></span> <span class='ocrx_word' id='word_1_28' title='bbox 345 936 463 975; x_wconf 84' lang='lat' dir='ltr'><strong>somnos</strong></span> <span class='ocrx_word' id='word_1_29' title='bbox 487 916 631 974; x_wconf 74' lang='lat' dir='ltr'><strong>auferam.</strong></span> <span class='ocrx_word' id='word_1_30' title='bbox 655 948 656 951; x_wconf 33' lang='lat'>¹</span> 
     </span>
    </p>

    <p class='ocr_par' dir='ltr' id='par_1_6' title="bbox 175 1013 949 1183">
     <span class='ocr_line' id='line_1_9' title="bbox 175 1013 949 1089; baseline -0.003 -18"><span class='ocrx_word' id='word_1_31' title='bbox 175 1033 226 1072; x_wconf 90' lang='lat' dir='ltr'><strong>vos</strong></span> <span class='ocrx_word' id='word_1_32' title='bbox 246 1013 339 1072; x_wconf 88' lang='lat' dir='ltr'><strong>turba</strong></span> <span class='ocrx_word' id='word_1_33' title='bbox 359 1015 482 1071; x_wconf 86' lang='lat' dir='ltr'><strong>vicatim</strong></span> <span class='ocrx_word' id='word_1_34' title='bbox 504 1013 575 1070; x_wconf 86' lang='lat' dir='ltr'><strong>hino</strong></span> <span class='ocrx_word' id='word_1_35' title='bbox 596 1020 628 1072; x_wconf 83' lang='lat' dir='ltr'><strong>et</strong></span> <span class='ocrx_word' id='word_1_36' title='bbox 649 1015 720 1071; x_wconf 85' lang='lat' dir='ltr'><strong>hinc</strong></span> <span class='ocrx_word' id='word_1_37' title='bbox 741 1013 822 1070; x_wconf 86' lang='lat' dir='ltr'><strong>saxis</strong></span> <span class='ocrx_word' id='word_1_38' title='bbox 842 1017 949 1089; x_wconf 85' lang='lat' dir='ltr'><strong>petens</strong></span> 
     </span>
     <span class='ocr_line' id='line_1_10' title="bbox 215 1099 680 1183; baseline 0 -15"><span class='ocrx_word' id='word_1_39' title='bbox 215 1099 382 1171; x_wconf 83' lang='lat' dir='ltr'><strong>contundet</strong></span> <span class='ocrx_word' id='word_1_40' title='bbox 403 1112 565 1168; x_wconf 79' lang='lat' dir='ltr'><strong>obscaenas</strong></span> <span class='ocrx_word' id='word_1_41' title='bbox 586 1130 662 1168; x_wconf 87' lang='lat' dir='ltr'><strong>anus</strong></span> <span class='ocrx_word' id='word_1_42' title='bbox 672 1130 680 1183; x_wconf 91' lang='lat'>;</span> 
     </span>
    </p>

    <p class='ocr_par' dir='ltr' id='par_1_7' title="bbox 172 1207 813 1381">
     <span class='ocr_line' id='line_1_11' title="bbox 172 1207 813 1284; baseline 0 -19"><span class='ocrx_word' id='word_1_43' title='bbox 172 1207 241 1284; x_wconf 87' lang='lat' dir='ltr'><strong>post</strong></span> <span class='ocrx_word' id='word_1_44' title='bbox 261 1207 413 1283; x_wconf 86' lang='lat' dir='ltr'><strong>insepulta</strong></span> <span class='ocrx_word' id='word_1_45' title='bbox 433 1208 567 1265; x_wconf 87' lang='lat' dir='ltr'><strong>membra</strong></span> <span class='ocrx_word' id='word_1_46' title='bbox 588 1208 727 1266; x_wconf 85' lang='lat' dir='ltr'><strong>different</strong></span> <span class='ocrx_word' id='word_1_47' title='bbox 748 1208 813 1284; x_wconf 88' lang='lat' dir='ltr'><strong>lupi</strong></span> 
     </span>
     <span class='ocr_line' id='line_1_12' title="bbox 214 1304 560 1381; baseline 0.003 -20"><span class='ocrx_word' id='word_1_48' title='bbox 214 1310 246 1362; x_wconf 88' lang='lat' dir='ltr'><strong>et</strong></span> <span class='ocrx_word' id='word_1_49' title='bbox 267 1305 443 1381; x_wconf 85' lang='lat' dir='ltr'><strong>Esquilinae</strong></span> <span class='ocrx_word' id='word_1_50' title='bbox 463 1304 560 1375; x_wconf 84' lang='lat' dir='ltr'><strong>alites,</strong></span> 
     </span>
    </p>

    <p class='ocr_par' dir='ltr' id='par_1_8' title="bbox 174 1403 882 1576">
     <span class='ocr_line' id='line_1_13' title="bbox 174 1403 882 1480; baseline -0.001 -20"><span class='ocrx_word' id='word_1_51' title='bbox 174 1421 271 1478; x_wconf 89' lang='lat' dir='ltr'><strong>neque</strong></span> <span class='ocrx_word' id='word_1_52' title='bbox 292 1405 347 1460; x_wconf 83' lang='lat' dir='ltr'><strong>hoa</strong></span> <span class='ocrx_word' id='word_1_53' title='bbox 368 1409 509 1480; x_wconf 86' lang='lat' dir='ltr'><strong>parentes</strong></span> <span class='ocrx_word' id='word_1_54' title='bbox 529 1403 589 1460; x_wconf 88' lang='lat' dir='ltr'><strong>heu</strong></span> <span class='ocrx_word' id='word_1_55' title='bbox 609 1403 685 1460; x_wconf 90' lang='lat' dir='ltr'><strong>mihi</strong></span> <span class='ocrx_word' id='word_1_56' title='bbox 705 1403 882 1479; x_wconf 67' lang='lat' dir='ltr'><strong>superstites</strong></span> 
     </span>
     <span class='ocr_line' id='line_1_14' title="bbox 214 1500 595 1576; baseline 0.003 -20"><span class='ocrx_word' id='word_1_57' title='bbox 214 1500 353 1576; x_wconf 85' lang='lat' dir='ltr'><strong>effugerit</strong></span> <span class='ocrx_word' id='word_1_58' title='bbox 374 1500 595 1576; x_wconf 65' lang='lat' dir='ltr'><strong>spectaculum!</strong></span> 
     </span>
    </p>
   </div>
   <div class='ocr_carea' id='block_1_4' title="bbox 399 1747 670 1806">
    <p class='ocr_par' dir='ltr' id='par_1_9' title="bbox 399 1747 670 1806">
     <span class='ocr_line' id='line_1_15' title="bbox 399 1747 670 1806; baseline -0.004 0"><span class='ocrx_word' id='word_1_59' title='bbox 399 1748 584 1806; x_wconf 83' lang='lat' dir='ltr'><strong>OARMEN</strong></span> <span class='ocrx_word' id='word_1_60' title='bbox 612 1747 670 1805; x_wconf 89' lang='lat' dir='ltr'><strong>VI.</strong></span> 
     </span>
    </p>
   </div>
   <div class='ocr_carea' id='block_1_5' title="bbox 173 1878 998 3214">
    <p class='ocr_par' dir='ltr' id='par_1_10' title="bbox 175 1878 839 2053">
     <span class='ocr_line' id='line_1_16' title="bbox 175 1878 839 1954; baseline -0.005 -16"><span class='ocrx_word' id='word_1_61' title='bbox 175 1880 257 1951; x_wconf 83' lang='lat' dir='ltr'><strong>Quid</strong></span> <span class='ocrx_word' id='word_1_62' title='bbox 277 1881 468 1938; x_wconf 85' lang='lat' dir='ltr'><strong>immerentes</strong></span> <span class='ocrx_word' id='word_1_63' title='bbox 489 1879 621 1954; x_wconf 82' lang='lat' dir='ltr'><strong>hospites</strong></span> <span class='ocrx_word' id='word_1_64' title='bbox 642 1898 735 1936; x_wconf 87' lang='lat' dir='ltr'><strong>vexas</strong></span> <span class='ocrx_word' id='word_1_65' title='bbox 755 1878 839 1936; x_wconf 82' lang='lat' dir='ltr'><strong>canis</strong></span> 
     </span>
     <span class='ocr_line' id='line_1_17' title="bbox 214 1975 648 2053; baseline -0.002 -20"><span class='ocrx_word' id='word_1_66' title='bbox 214 1979 342 2053; x_wconf 87' lang='lat' dir='ltr'><strong>ignavus</strong></span> <span class='ocrx_word' id='word_1_67' title='bbox 363 1976 523 2034; x_wconf 85' lang='lat' dir='ltr'><strong>adversum</strong></span> <span class='ocrx_word' id='word_1_68' title='bbox 543 1975 648 2052; x_wconf 86' lang='lat' dir='ltr'><strong>luposl</strong></span> 
     </span>
    </p>

    <p class='ocr_par' dir='ltr' id='par_1_11' title="bbox 175 2073 866 2249">
     <span class='ocr_line' id='line_1_18' title="bbox 175 2073 866 2151; baseline -0.003 -19"><span class='ocrx_word' id='word_1_69' title='bbox 175 2075 248 2150; x_wconf 92' lang='lat' dir='ltr'><strong>quin</strong></span> <span class='ocrx_word' id='word_1_70' title='bbox 269 2075 327 2132; x_wconf 86' lang='lat' dir='ltr'><strong>huc</strong></span> <span class='ocrx_word' id='word_1_71' title='bbox 348 2074 461 2147; x_wconf 85' lang='lat' dir='ltr'><strong>inanes,</strong></span> <span class='ocrx_word' id='word_1_72' title='bbox 484 2076 510 2131; x_wconf 89' lang='lat' dir='ltr'><strong>si</strong></span> <span class='ocrx_word' id='word_1_73' title='bbox 530 2080 624 2151; x_wconf 87' lang='lat' dir='ltr'><strong>potes,</strong></span> <span class='ocrx_word' id='word_1_74' title='bbox 647 2073 741 2131; x_wconf 87' lang='lat' dir='ltr'><strong>vertis</strong></span> <span class='ocrx_word' id='word_1_75' title='bbox 761 2074 866 2143; x_wconf 86' lang='lat' dir='ltr'><strong>minas,</strong></span> 
     </span>
     <span class='ocr_line' id='line_1_19' title="bbox 214 2173 654 2249; baseline -0.005 -18"><span class='ocrx_word' id='word_1_76' title='bbox 214 2179 247 2231; x_wconf 88' lang='lat' dir='ltr'><strong>et</strong></span> <span class='ocrx_word' id='word_1_77' title='bbox 266 2192 314 2231; x_wconf 90' lang='lat' dir='ltr'><strong>me</strong></span> <span class='ocrx_word' id='word_1_78' title='bbox 335 2192 536 2231; x_wconf 84' lang='lat' dir='ltr'><strong>remorsurum</strong></span> <span class='ocrx_word' id='word_1_79' title='bbox 557 2173 654 2249; x_wconf 72' lang='lat' dir='ltr'><strong>petis?</strong></span> 
     </span>
    </p>

    <p class='ocr_par' dir='ltr' id='par_1_12' title="bbox 174 2267 998 2442">
     <span class='ocr_line' id='line_1_20' title="bbox 174 2267 998 2345; baseline -0.002 -18"><span class='ocrx_word' id='word_1_80' title='bbox 174 2289 246 2327; x_wconf 92' lang='lat' dir='ltr'><strong>nam</strong></span> <span class='ocrx_word' id='word_1_81' title='bbox 266 2270 363 2345; x_wconf 88' lang='lat' dir='ltr'><strong>qualis</strong></span> <span class='ocrx_word' id='word_1_82' title='bbox 384 2276 438 2328; x_wconf 87' lang='lat' dir='ltr'><strong>aut</strong></span> <span class='ocrx_word' id='word_1_83' title='bbox 460 2270 608 2328; x_wconf 88' lang='lat' dir='ltr'><strong>Molossus</strong></span> <span class='ocrx_word' id='word_1_84' title='bbox 629 2275 684 2327; x_wconf 86' lang='lat' dir='ltr'><strong>aut</strong></span> <span class='ocrx_word' id='word_1_85' title='bbox 704 2267 807 2326; x_wconf 81' lang='lat' dir='ltr'><strong>fulvus</strong></span> <span class='ocrx_word' id='word_1_86' title='bbox 828 2268 938 2339; x_wconf 75' lang='lat' dir='ltr'><strong>Lacon,</strong></span> <span class='ocrx_word' id='word_1_87' title='bbox 987 2299 998 2337; x_wconf 75' lang='grc' dir='ltr'><strong>ς,</strong></span> 
     </span>
     <span class='ocr_line' id='line_1_21' title="bbox 215 2364 579 2442; baseline 0 -19"><span class='ocrx_word' id='word_1_88' title='bbox 215 2367 311 2424; x_wconf 86' lang='lat' dir='ltr'><strong>amica</strong></span> <span class='ocrx_word' id='word_1_89' title='bbox 332 2367 378 2424; x_wconf 86' lang='lat' dir='ltr'><strong>vis</strong></span> <span class='ocrx_word' id='word_1_90' title='bbox 398 2364 579 2442; x_wconf 84' lang='lat' dir='ltr'><strong>pastoribus,</strong></span> 
     </span>
    </p>

    <p class='ocr_par' dir='ltr' id='par_1_13' title="bbox 174 2460 774 2634">
     <span class='ocr_line' id='line_1_22' title="bbox 174 2460 774 2539; baseline 0.002 -20"><span class='ocrx_word' id='word_1_91' title='bbox 174 2482 262 2539; x_wconf 85' lang='lat' dir='ltr'><strong>agam</strong></span> <span class='ocrx_word' id='word_1_92' title='bbox 282 2482 335 2539; x_wconf 87' lang='lat' dir='ltr'><strong>per</strong></span> <span class='ocrx_word' id='word_1_93' title='bbox 355 2463 434 2521; x_wconf 86' lang='lat' dir='ltr'><strong>altas</strong></span> <span class='ocrx_word' id='word_1_94' title='bbox 455 2482 527 2520; x_wconf 87' lang='lat' dir='ltr'><strong>aure</strong></span> <span class='ocrx_word' id='word_1_95' title='bbox 548 2460 669 2520; x_wconf 88' lang='lat' dir='ltr'><strong>sublata</strong></span> <span class='ocrx_word' id='word_1_96' title='bbox 689 2463 774 2521; x_wconf 89' lang='lat' dir='ltr'><strong>nives</strong></span> 
     </span>
     <span class='ocr_line' id='line_1_23' title="bbox 216 2558 692 2634; baseline 0 -18"><span class='ocrx_word' id='word_1_97' title='bbox 216 2577 420 2634; x_wconf 84' lang='lat' dir='ltr'><strong>quaecumque</strong></span> <span class='ocrx_word' id='word_1_98' title='bbox 440 2559 599 2634; x_wconf 84' lang='lat' dir='ltr'><strong>praecedet</strong></span> <span class='ocrx_word' id='word_1_99' title='bbox 619 2558 692 2616; x_wconf 84' lang='lat' dir='ltr'><strong>fera.</strong></span> 
     </span>
    </p>

    <p class='ocr_par' dir='ltr' id='par_1_14' title="bbox 174 2655 865 2827">
     <span class='ocr_line' id='line_1_24' title="bbox 174 2655 865 2730; baseline 0.003 -18"><span class='ocrx_word' id='word_1_100' title='bbox 174 2660 218 2727; x_wconf 88' lang='lat' dir='ltr'><strong>tu,</strong></span> <span class='ocrx_word' id='word_1_101' title='bbox 241 2673 309 2712; x_wconf 82' lang='lat' dir='ltr'><strong>eum</strong></span> <span class='ocrx_word' id='word_1_102' title='bbox 329 2655 465 2713; x_wconf 86' lang='lat' dir='ltr'><strong>timenda</strong></span> <span class='ocrx_word' id='word_1_103' title='bbox 485 2673 556 2712; x_wconf 83' lang='lat' dir='ltr'><strong>voce</strong></span> <span class='ocrx_word' id='word_1_104' title='bbox 577 2655 731 2730; x_wconf 80' lang='lat' dir='ltr'><strong>complesti</strong></span> <span class='ocrx_word' id='word_1_105' title='bbox 752 2675 865 2728; x_wconf 84' lang='lat' dir='ltr'><strong>nemus,</strong></span> 
     </span>
     <span class='ocr_line' id='line_1_25' title="bbox 215 2751 666 2827; baseline 0 -18"><span class='ocrx_word' id='word_1_106' title='bbox 215 2751 383 2827; x_wconf 78' lang='lat' dir='ltr'><strong>proiectum</strong></span> <span class='ocrx_word' id='word_1_107' title='bbox 404 2751 537 2809; x_wconf 86' lang='lat' dir='ltr'><strong>odoraris</strong></span> <span class='ocrx_word' id='word_1_108' title='bbox 559 2752 666 2810; x_wconf 87' lang='lat' dir='ltr'><strong>cibum.</strong></span> 
     </span>
    </p>

    <p class='ocr_par' dir='ltr' id='par_1_15' title="bbox 173 2849 943 3020">
     <span class='ocr_line' id='line_1_26' title="bbox 173 2849 943 2925; baseline 0.003 -21"><span class='ocrx_word' id='word_1_109' title='bbox 173 2866 254 2918; x_wconf 86' lang='lat' dir='ltr'><strong>cave,</strong></span> <span class='ocrx_word' id='word_1_110' title='bbox 277 2867 362 2906; x_wconf 82' lang='lat' dir='ltr'><strong>cave:</strong></span> <span class='ocrx_word' id='word_1_111' title='bbox 383 2867 513 2924; x_wconf 87' lang='lat' dir='ltr'><strong>namque</strong></span> <span class='ocrx_word' id='word_1_112' title='bbox 532 2849 566 2906; x_wconf 92' lang='lat' dir='ltr'><strong>in</strong></span> <span class='ocrx_word' id='word_1_113' title='bbox 586 2849 679 2906; x_wconf 86' lang='lat' dir='ltr'><strong>malos</strong></span> <span class='ocrx_word' id='word_1_114' title='bbox 699 2850 879 2925; x_wconf 85' lang='lat' dir='ltr'><strong>asperrimus</strong></span> <span class='ocrx_word' id='word_1_115' title='bbox 941 2869 943 2874; x_wconf 70' lang='grc'>’</span> 
     </span>
     <span class='ocr_line' id='line_1_27' title="bbox 214 2945 559 3020; baseline 0.003 -19"><span class='ocrx_word' id='word_1_116' title='bbox 214 2950 322 3020; x_wconf 85' lang='lat' dir='ltr'><strong>parata</strong></span> <span class='ocrx_word' id='word_1_117' title='bbox 342 2945 416 3002; x_wconf 92' lang='lat' dir='ltr'><strong>tollo</strong></span> <span class='ocrx_word' id='word_1_118' title='bbox 437 2965 559 3014; x_wconf 81' lang='lat' dir='ltr'><strong>cornua,</strong></span> 
     </span>
    </p>

    <p class='ocr_par' dir='ltr' id='par_1_16' title="bbox 175 3041 826 3214">
     <span class='ocr_line' id='line_1_28' title="bbox 175 3041 826 3119; baseline -0.002 -19"><span class='ocrx_word' id='word_1_119' title='bbox 175 3043 272 3118; x_wconf 88' lang='lat' dir='ltr'><strong>qualis</strong></span> <span class='ocrx_word' id='word_1_120' title='bbox 294 3041 462 3119; x_wconf 83' lang='lat' dir='ltr'><strong>Lycambae</strong></span> <span class='ocrx_word' id='word_1_121' title='bbox 483 3048 602 3117; x_wconf 86' lang='lat' dir='ltr'><strong>spretus</strong></span> <span class='ocrx_word' id='word_1_122' title='bbox 622 3042 715 3100; x_wconf 87' lang='lat' dir='ltr'><strong>infido</strong></span> <span class='ocrx_word' id='word_1_123' title='bbox 735 3061 826 3119; x_wconf 84' lang='lat' dir='ltr'><strong>gener</strong></span> 
     </span>
     <span class='ocr_line' id='line_1_29' title="bbox 215 3132 618 3214; baseline -0.002 -17"><span class='ocrx_word' id='word_1_124' title='bbox 215 3132 270 3197; x_wconf 83' lang='lat' dir='ltr'><strong>aut</strong></span> <span class='ocrx_word' id='word_1_125' title='bbox 290 3158 358 3197; x_wconf 77' lang='lat' dir='ltr'><strong>aser</strong></span> <span class='ocrx_word' id='word_1_126' title='bbox 378 3138 473 3197; x_wconf 84' lang='lat' dir='ltr'><strong>hostis</strong></span> <span class='ocrx_word' id='word_1_127' title='bbox 494 3139 618 3214; x_wconf 82' lang='lat' dir='ltr'><strong>Bupalo</strong></span> 
     </span>
    </p>
   </div>
   <div class='ocr_carea' id='block_1_6' title="bbox 0 0 1105 3652">
    <p class='ocr_par' dir='ltr' id='par_1_17' title="bbox 0 0 1105 3652">
     <span class='ocr_line' id='line_1_30' title="bbox 0 0 1105 3652; baseline 0 0"><span class='ocrx_word' id='word_1_128' title='bbox 0 0 1105 3652; x_wconf 95' lang='lat' dir='ltr'><strong> </strong></span> 
     </span>
    </p>
   </div>
  </div>
 </body>
</html>
