2198 3652
314 276 436 332 LIBER.
473 275 589 331 OARM.
608 275 703 330 XVII.
931 279 965 328 25

139 403 269 480 volgata,
292 421 409 459 sacrum
430 399 519 459 liberi
540 399 707 477 Cupidinis,

139 507 171 558 et
192 499 343 576 Esquilini
363 497 504 574 pontifex
524 497 650 556 venefici

139 597 261 673 impune
281 602 318 653 ut
339 594 457 654 Urbem
477 594 598 652 nomine
618 592 751 670 impleris
771 593 858 652 maol

140 693 212 770 quid
232 694 375 772 proderat
396 693 508 751 ditasse
529 693 690 769 Paelignas
711 712 796 765 anus,

139 793 307 851 velociusve
327 793 482 850 miscuisse
503 792 658 850 toxicum?

140 889 192 948 sed
212 888 348 947 tardiora
368 889 435 946 iata
455 893 487 946 te
507 888 587 946 votis
608 892 753 947 manent:

139 988 260 1064 ingrata
280 988 388 1044 misero
408 987 474 1043 vita
495 984 632 1043 ducenda
653 985 754 1043 estin
778 985 843 1057 hoe,

139 1085 225 1142 novis
249 1089 286 1141 ut
306 1102 401 1160 usque
421 1089 565 1160 suppetas
586 1082 747 1141 laboribus.

139 1186 227 1258 optat
247 1181 380 1257 quietem
400 1179 520 1258 Pelopis
540 1179 627 1238 infidi
648 1185 744 1257 pater,

139 1297 229 1356 egens
250 1277 399 1353 benignae
419 1277 568 1335 Tantalus
588 1296 707 1354 semper
727 1274 821 1353 dapis,

140 1381 228 1452 optat
248 1374 447 1432 Prometheus
467 1373 620 1450 obligatus
640 1373 717 1446 aliti,

139 1477 227 1548 optat
247 1489 387 1546 supremo
405 1470 550 1528 collocare
572 1469 720 1547 Sisyphus

140 1568 173 1625 in
193 1574 297 1625 monte
318 1587 425 1625 saxum
435 1588 444 1641 3
472 1566 525 1625 sed
546 1572 655 1625 vetant
675 1566 756 1643 leges
778 1565 869 1624 Iovis.

140 1667 222 1725 voles
242 1667 331 1725 modo
351 1667 423 1725 altis
444 1666 565 1725 desilire
586 1665 732 1737 turribus,

141 1762 228 1821 modo
248 1783 320 1822 ense
341 1769 448 1840 peetus
469 1763 583 1821 Norico
603 1761 766 1833 recludere,

141 1860 314 1937 frustraque
338 1860 439 1917 vinela
459 1859 581 1936 gutturi
604 1864 708 1916 nectes
727 1863 791 1926 tuo,

141 1959 298 2017 fastidiosa
317 1959 415 2016 tristis
437 1958 630 2034 aegrimonia.

142 2054 284 2114 vectabor
302 2055 414 2112 umeris
434 2060 509 2112 tune
530 2073 585 2131 ego
603 2054 733 2111 inimicis
751 2070 849 2129 eques,

142 2170 285 2227 meaeque
306 2156 389 2208 terra
409 2150 497 2208 cedet
515 2150 703 2208 insolentiae.

142 2269 183 2306 an
204 2267 281 2325 quas
301 2266 421 2305 movere
442 2267 542 2306 cereas
563 2247 718 2324 imagines,

142 2352 179 2404 ut
196 2347 261 2422 ipse
279 2346 361 2403 nosti
382 2345 525 2416 curiosus,
548 2349 581 2404 et
600 2344 669 2421 polo

142 2443 278 2520 deripere
299 2442 404 2500 lunam
426 2441 550 2501 vocibus
574 2443 686 2519 possIm
708 2442 789 2515 meis,

143 2543 253 2619 possim
275 2547 422 2600 crematos
444 2541 577 2599 excitare
598 2548 732 2599 mortuos

143 2639 331 2717 desiderique
352 2644 519 2715 temperare
539 2638 655 2716 poeula,

143 2737 255 2816 plorem
275 2735 352 2794 artis
373 2735 406 2793 in
427 2741 459 2794 te
479 2735 523 2793 nil
542 2734 662 2812 agentis
682 2733 818 2792 exitusl’
