2198 3652
243 298 365 352 ursus.
403 297 518 353 oran
538 298 617 354 inu
631 280 699 353 xv.
890 303 922 354 19

314 487 500 547 cAnMun
528 488 620 546 xrv.

99 622 201 680 Mollis
222 622 333 680 inertia
355 640 408 679 cur
428 627 547 679 tantam
568 621 723 680 diffuderit
743 622 811 679 imis

139 718 320 777 oblivionem
341 720 485 790 sensibus,

98 817 204 894 pocula
225 817 374 874 Lethaeos
395 822 431 873 ut
451 816 476 873 si
497 811 640 874 ducentia
660 836 778 875 somnos

137 921 243 972 arente
262 914 350 972 fauce
370 914 524 988 traxerim,

97 1011 226 1070 candide
246 1012 414 1084 Maecenas,
437 1011 547 1070 occidis
568 1031 655 1090 saepe
675 1013 826 1089 rogando:
909 1045 921 1082 5

138 1109 219 1181 deus,
242 1108 315 1168 deus
336 1129 407 1167 nam
427 1129 475 1167 me
495 1116 581 1168 vetat

97 1207 241 1281 inceptos,
264 1206 335 1264 olim
355 1207 533 1282 promissum
554 1224 682 1278 carmen,
705 1205 820 1264 iambos

137 1302 177 1361 ad
198 1303 373 1360 umbilicum
394 1302 551 1361 adducere.

97 1420 158 1459 non
179 1401 268 1458 aliter
288 1400 389 1459 Samio
408 1400 516 1458 dicunt
536 1400 644 1459 arsisse
665 1401 809 1478 Bathyllo

137 1499 333 1555 Anacreonta
353 1497 466 1568 Teium,

97 1596 149 1671 qui
168 1614 309 1671 persaepe
330 1614 404 1652 cava
425 1594 578 1653 testudine
598 1595 684 1653 flevit
703 1614 835 1653 amorem

137 1711 198 1750 non
219 1691 407 1750 elaboratum
427 1692 467 1749 ad
488 1692 601 1768 pedem.

96 1789 191 1846 ureris
204 1789 268 1865 ipse
282 1788 379 1845 miser.
415 1787 521 1864 quodsi
534 1807 596 1846 non
609 1788 762 1864 pulchrior
775 1789 854 1865 ignis

136 1883 274 1943 accendit
295 1882 445 1941 obsessam
465 1884 554 1955 Ilion,

95 1984 192 2061 gaude
213 1988 293 2041 sorte
313 1988 385 2041 tua:
406 2001 454 2040 me
474 1981 617 2040 libertina
637 2001 733 2058 nequo
752 2001 813 2042 uno
896 2015 919 2053 ις

136 2088 279 2140 contenta
300 2081 422 2158 Phryne
443 2086 581 2140 macerat

317 2308 503 2368 OARMEN
531 2310 603 2368 XV.

95 2456 167 2515 Nox
187 2462 254 2514 erat
273 2462 305 2514 et
326 2456 407 2515 caelo
427 2454 564 2533 fulgebat
585 2457 657 2514 luna
678 2475 783 2515 sereno

134 2557 215 2614 inter
235 2557 352 2613 minora
372 2556 477 2627 sidera,

95 2673 163 2711 cum
183 2660 219 2711 tu
240 2673 417 2730 magnorum
437 2672 550 2712 numen
570 2654 688 2712 laesura
708 2653 831 2711 deorum

134 2751 168 2807 in
187 2748 280 2807 verba
300 2747 422 2806 iurabas
443 2767 517 2820 mea,

94 2850 191 2907 artius
208 2855 300 2924 atque
315 2848 427 2922 hedera
440 2866 563 2923 procera
576 2845 778 2922 adstringitur
792 2847 860 2919 ilex,
905 2879 916 2916 5

134 2947 224 3004 lentis
245 2947 410 3004 adhaerens
431 2945 596 3002 bracchiis:

93 3042 166 3101 dum
186 3042 285 3118 pecori
306 3042 395 3116 lupus
415 3047 447 3099 et
467 3039 569 3098 nautis
589 3039 719 3098 infestus
740 3039 835 3097 Orion

133 3139 272 3198 turbaret
292 3137 453 3196 hibernum
472 3154 563 3207 mare,

759 3243 852 3294 ‘ri-‘t
