2198 3652
91 313 125 364 16
370 303 536 359 HORATII
560 304 717 359 EPODON

171 436 271 487 tecum
292 427 349 486 sub
368 428 516 486 alta-sic
538 427 605 486 Iovi
625 427 885 505 gratum-domo,

211 523 300 582 beate
321 523 490 596 Maecenas,
510 522 614 581 bibam

172 627 299 679 sonante
319 621 449 678 mixtum
470 621 555 678 tibiis
576 641 697 679 carmen
717 622 792 699 lyra,
987 653 998 690 5

212 718 268 775 hac
289 717 425 788 Dorium,
447 717 507 774 illis
528 719 710 776 barbarum?

173 823 208 874 ut
228 835 332 893 nuper,
355 820 441 872 actus
462 834 530 873 cum
550 815 630 874 freto
650 816 827 892 Neptunius

213 913 276 971 dux
296 913 374 989 fugit
395 913 472 970 ustis
492 915 629 987 navibuS,

173 1010 307 1068 minatus
330 1009 411 1068 Urbi
431 1010 539 1083 vincla,
562 1030 639 1087 quae
659 1010 835 1069 detraxerat

215 1108 309 1166 servis
329 1107 443 1164 amicus
463 1107 593 1184 perfidis.

174 1205 331 1263 Romanus
351 1204 580 1281 eheu-posteri
600 1205 792 1282 negabitis—

215 1302 422 1378 emancipatus
442 1302 573 1360 feminae

175 1401 236 1458 fert
256 1400 371 1457 vallum
391 1405 423 1457 et
443 1420 535 1471 arma,
558 1401 644 1458 miles
664 1407 696 1458 et
716 1399 901 1478 spadonibus

216 1497 328 1555 servire
349 1496 464 1572 rugosis
484 1502 594 1573 potest,

175 1597 315 1671 interque
335 1594 422 1669 signa
441 1599 531 1669 turpe
552 1593 697 1650 militaria
976 1625 1000 1660 15

217 1691 261 1749 sol
281 1689 410 1765 adspicit
430 1690 596 1765 conopium.

177 1796 211 1848 at
232 1789 290 1846 huc
311 1787 475 1846 frementes
495 1793 655 1846 verterunt
675 1787 722 1846 bis
742 1786 825 1845 mille
845 1805 938 1864 equos

218 1883 299 1940 Galli
319 1888 462 1941 canentes
483 1881 650 1955 Caesarem,

177 1980 391 2057 hostiliumque
411 1980 535 2036 navium
553 1985 644 2056 portu
665 1979 765 2038 latent

217 2095 331 2153 puppes
353 2076 559 2134 sinistrorsum
580 2076 666 2134 citae.

179 2174 215 2231 Io
235 2173 407 2249 Triumphe,
429 2179 465 2230 tu
485 2173 611 2231 moraris
630 2193 737 2232 aureos

219 2290 324 2329 currus
345 2277 377 2328 ct
397 2270 529 2328 intactas
550 2270 660 2330 boves?

179 2369 215 2427 Io
235 2368 406 2444 Triumphe,
429 2386 485 2425 nec
506 2368 690 2444 Iugurthino
710 2387 813 2444 parem

219 2465 298 2524 bello
319 2466 481 2542 reportasti
501 2465 615 2537 ducem,

179 2580 276 2639 neque
296 2561 488 2632 Africanum,
510 2562 559 2619 cui
580 2581 670 2638 super
690 2562 914 2639 Karthaginem
977 2593 1003 2628 ας

219 2660 318 2717 virtus
339 2659 507 2734 sepulcrum
529 2658 673 2717 condidit.

179 2763 262 2814 terra
282 2757 417 2831 marique
437 2755 537 2813 victus
557 2756 653 2813 hostis
673 2756 784 2832 punico

219 2851 346 2928 lugubre
367 2851 498 2909 mutavit
519 2871 639 2927 sagum,

178 2957 233 3009 aut
253 2951 304 3008 ille
325 2956 446 3008 centum
467 2948 599 3007 nobilem
621 2948 743 3006 Oratam
764 2947 900 3019 urbibus,

219 3049 320 3105 ventis
340 3047 440 3105 iturus
461 3065 523 3104 non
544 3047 613 3118 suia,
981 3077 1007 3114 30

179 3146 360 3204 exercitatas
381 3150 436 3202 aut
456 3144 536 3219 petit
557 3143 662 3220 Syrtes
684 3141 776 3214 Noto,
