2198 3652
375 293 498 350 LIBER.
536 294 651 349 CARM.
671 293 750 350 XVI.
967 297 1000 347 21

133 417 264 494 ferisque
285 437 388 476 rursus
409 418 606 494 occupabitur
626 419 730 477 solum.

91 514 239 574 barbarus
260 515 319 574 heu
341 516 455 574 cineres
475 516 597 573 insistet
617 516 715 573 victor
735 521 767 573 et
788 514 906 574 Urbem

133 630 224 687 eques
244 617 372 669 sonante
393 611 567 670 verberabit
587 613 709 689 ungula,

91 726 228 785 quaeque
248 715 353 766 carent
373 709 473 766 ventis
494 715 526 767 et
547 708 660 768 solibus
681 729 748 768 ossa
768 709 930 780 Quirini-

133 805 219 863 nelas
240 804 544 883 videre-dissipabit
564 807 704 865 insolens.

92 900 173 960 forte
194 900 266 978 quid
288 902 431 979 expediat
451 904 651 961 communiter
672 910 727 961 aut
746 905 852 962 melior
872 923 942 981 pars
978 937 1000 973 15

112 1040 114 1045 -
134 1000 223 1056 malis
244 1019 345 1058 carere
366 1001 511 1076 quaeritis
531 1000 704 1060 laboribus:

92 1097 178 1156 nulla
200 1097 241 1155 sit
261 1098 317 1155 hac
338 1098 438 1174 potior
459 1100 619 1171 sententia,
642 1099 847 1158 Phocaeorum

134 1195 220 1254 velut
240 1194 376 1271 profugit
396 1201 552 1253 exsecrata
573 1195 681 1252 civitas

92 1311 181 1369 agros
202 1297 295 1368 atque
315 1294 393 1350 lares
413 1293 536 1369 patrios,
559 1292 785 1369 habitandaque
804 1291 877 1351 fana

136 1389 217 1466 apris
238 1391 361 1466 reliquit
382 1396 414 1448 et
434 1389 593 1466 rapacibus
614 1391 701 1468 lupis,

95 1489 140 1546 ire
161 1486 252 1564 pedes
273 1507 451 1564 quocunque
471 1487 579 1560 ferent,
602 1507 781 1564 quocunque
801 1507 855 1565 per
875 1487 973 1546 undas

137 1584 239 1642 Notus
260 1582 381 1642 vocabit
402 1590 457 1642 aut
476 1590 636 1660 protervus
657 1584 790 1643 Africus.

96 1681 138 1739 sic
159 1680 267 1758 placet,
291 1701 331 1738 an
351 1681 458 1739 melius
480 1681 547 1756 quis
567 1681 659 1739 habet
680 1681 806 1740 suadere
814 1681 996 1740 l-secunda

138 1784 235 1836 ratem
256 1796 401 1854 occupare
422 1775 496 1853 quid
516 1796 668 1835 moramur
688 1778 781 1836 alite?

97 1875 149 1935 sed
170 1877 304 1934 iuremus
325 1875 359 1932 in
379 1875 470 1933 haec:
492 1875 582 1931 simul
602 1875 671 1933 imis
692 1895 767 1932 saxa
788 1875 925 1934 renarint
980 1909 1005 1945 25

138 1973 224 2030 vadis
245 1972 354 2042 levata,
377 1991 416 2030 ne
437 1971 535 2030 redire
556 1973 597 2030 sit
617 1973 721 2045 nefas3

96 2091 157 2130 neu
178 2088 321 2128 conversa
341 2067 463 2126 domum
484 2068 586 2144 pigeat
606 2068 678 2126 dare
699 2067 801 2140 lintea,
826 2069 946 2144 quando

140 2166 242 2225 Padus
265 2165 386 2222 Matina
406 2164 516 2222 laverit
537 2164 702 2234 cacumina,

97 2267 131 2324 in
152 2282 234 2322 mare
255 2282 308 2320 seu
329 2262 425 2320 celsus
445 2261 630 2338 procurrerit
650 2262 860 2339 Appenninus,

140 2380 277 2438 novaque
297 2366 434 2423 monstra
454 2361 589 2418 iunxerit
610 2360 737 2418 libidine
981 2395 1007 2433 30

99 2461 194 2519 mirus
215 2478 307 2531 amor,
329 2459 413 2517 iuvet
434 2464 470 2516 ut
490 2459 583 2535 tigres
604 2457 759 2517 subsidere
779 2460 883 2532 cervis,

141 2557 330 2615 adulteretur
350 2561 382 2614 et
402 2555 539 2612 columba
559 2554 661 2626 miluo,

100 2654 222 2714 credula
243 2673 297 2712 nec
319 2672 406 2711 ravos
426 2654 556 2711 timeant
576 2658 714 2711 armenta
733 2652 842 2724 leones,

142 2759 282 2828 ametque
302 2751 381 2808 salsa
401 2751 475 2808 levis
496 2749 596 2808 hircus
616 2768 753 2825 aequora.

100 2849 175 2908 haec
196 2855 229 2907 et
249 2867 326 2924 quae
346 2853 491 2924 poterunt
511 2845 626 2904 reditus
647 2845 822 2905 abscindere
842 2845 952 2920 dulces,
982 2880 1006 2918 35

143 2965 246 3004 eamus
266 2945 363 3003 omnis
383 2949 539 3003 exsecrata
559 2943 675 3014 civitas,

99 3049 157 3101 aut
178 3061 248 3120 pars
268 3042 390 3100 indocili
411 3041 516 3099 melior
535 3059 624 3117 grege
633 3059 642 3112 ;
663 3039 761 3097 mollis
780 3045 813 3098 et
833 3059 939 3116 exspes

144 3140 312 3198 inominata
331 3138 497 3215 perprimat
517 3135 636 3195 cubilia.
